Meal,Date,Customers, Revenue ,Day of Week,Temp,Percipitation Amt,Snow Amount,NOAA Event,Semester,Week Num
Breakfast,"Friday, December 20, 2019",134, $550.00 ,6,17.5,0,0,0,FA,16
Lunch,"Friday, December 20, 2019",19, $86.00 ,6,17.5,0,0,0,FA,16
Breakfast,"Thursday, December 19, 2019",237, $913.00 ,5,20.5,0.03,0.5,0,FA,16
Lunch,"Thursday, December 19, 2019",155, $639.00 ,5,20.5,0.03,0.5,0,FA,16
Dinner,"Thursday, December 19, 2019",38, $168.00 ,5,20.5,0.03,0.5,0,FA,16
Breakfast,"Wednesday, December 18, 2019",294," $1,151.00 ",4,28,0.06,0,0,FA,16
Lunch,"Wednesday, December 18, 2019",181, $755.00 ,4,28,0.06,0,0,FA,16
Dinner,"Wednesday, December 18, 2019",135, $548.00 ,4,28,0.06,0,0,FA,16
Lunch,"Tuesday, December 17, 2019",278," $1,241.00 ",3,30,0.26,0,1,FA,16
Breakfast,"Tuesday, December 17, 2019",263," $1,057.00 ",3,30,0.26,0,1,FA,16
Dinner,"Tuesday, December 17, 2019",172, $660.00 ,3,30,0.26,0,1,FA,16
Lunch,"Monday, December 16, 2019",315," $1,326.00 ",2,32,0.02,0.2,0,FA,16
Breakfast,"Monday, December 16, 2019",297," $1,186.00 ",2,32,0.02,0.2,0,FA,16
Dinner,"Monday, December 16, 2019",154, $609.00 ,2,32,0.02,0.2,0,FA,16
Lunch,"Sunday, December 15, 2019",347," $1,440.00 ",1,36.5,0.49,0,1,FA,16
Breakfast,"Sunday, December 15, 2019",132, $555.00 ,1,36.5,0.49,0,1,FA,16
Dinner,"Sunday, December 15, 2019",132, $524.00 ,1,36.5,0.49,0,1,FA,16
Lunch,"Saturday, December 14, 2019",320," $1,389.00 ",7,32.5,0.24,0,1,FA,15
Breakfast,"Saturday, December 14, 2019",129, $556.00 ,7,32.5,0.24,0,1,FA,15
Dinner,"Saturday, December 14, 2019",71, $269.00 ,7,32.5,0.24,0,1,FA,15
Breakfast,"Friday, December 13, 2019",259," $1,008.00 ",6,25,0,0,0,FA,15
Lunch,"Friday, December 13, 2019",204, $926.00 ,6,25,0,0,0,FA,15
Dinner,"Friday, December 13, 2019",60, $239.00 ,6,25,0,0,0,FA,15
Breakfast,"Thursday, December 12, 2019",281," $1,142.00 ",5,24,0.01,0.1,0,FA,15
Lunch,"Thursday, December 12, 2019",267," $1,098.00 ",5,24,0.01,0.1,0,FA,15
Dinner,"Thursday, December 12, 2019",69, $277.00 ,5,24,0.01,0.1,0,FA,15
Breakfast,"Wednesday, December 11, 2019",274," $1,074.00 ",4,40,0.14,0,0,FA,15
Lunch,"Wednesday, December 11, 2019",258," $1,058.00 ",4,40,0.14,0,0,FA,15
Dinner,"Wednesday, December 11, 2019",60, $227.00 ,4,40,0.14,0,0,FA,15
Breakfast,"Tuesday, December 10, 2019",267," $1,102.00 ",3,45.5,0.52,0,0,FA,15
Lunch,"Tuesday, December 10, 2019",236, $975.00 ,3,45.5,0.52,0,0,FA,15
Dinner,"Tuesday, December 10, 2019",76, $318.00 ,3,45.5,0.52,0,0,FA,15
Lunch,"Monday, December 9, 2019",236, $958.00 ,2,31,0.04,0,0,FA,15
Breakfast,"Monday, December 9, 2019",248, $879.00 ,2,31,0.04,0,0,FA,15
Dinner,"Monday, December 9, 2019",56, $223.00 ,2,31,0.04,0,0,FA,15
Lunch,"Sunday, December 8, 2019",284," $1,198.00 ",1,29.5,0,0,0,FA,15
Breakfast,"Sunday, December 8, 2019",86, $378.00 ,1,29.5,0,0,0,FA,15
Dinner,"Sunday, December 8, 2019",59, $217.00 ,1,29.5,0,0,0,FA,15
Lunch,"Saturday, December 7, 2019",326," $1,432.00 ",7,37.5,0,0,0,FA,14
Breakfast,"Saturday, December 7, 2019",94, $393.00 ,7,37.5,0,0,0,FA,14
Dinner,"Saturday, December 7, 2019",72, $278.00 ,7,37.5,0,0,0,FA,14
Breakfast,"Friday, December 6, 2019",374," $1,061.00 ",6,32.5,0,0,0,FA,14
Lunch,"Friday, December 6, 2019",215, $920.00 ,6,32.5,0,0,0,FA,14
Dinner,"Friday, December 6, 2019",52, $207.00 ,6,32.5,0,0,0,FA,14
Breakfast,"Thursday, December 5, 2019",302," $1,228.00 ",5,34,0.02,0,0,FA,14
Lunch,"Thursday, December 5, 2019",245," $1,016.00 ",5,34,0.02,0,0,FA,14
Dinner,"Thursday, December 5, 2019",61, $241.00 ,5,34,0.02,0,0,FA,14
Breakfast,"Wednesday, December 4, 2019",273," $1,052.00 ",4,31.5,0,0,0,FA,14
Lunch,"Wednesday, December 4, 2019",216, $800.00 ,4,31.5,0,0,0,FA,14
Dinner,"Wednesday, December 4, 2019",65, $306.00 ,4,31.5,0,0,0,FA,14
Breakfast,"Tuesday, December 3, 2019",276," $1,090.00 ",3,32,0.09,0,0,FA,14
Lunch,"Tuesday, December 3, 2019",210, $870.00 ,3,32,0.09,0,0,FA,14
Dinner,"Tuesday, December 3, 2019",55, $202.00 ,3,32,0.09,0,0,FA,14
Breakfast,"Monday, December 2, 2019",245, $900.00 ,2,32.5,0.58,1.5,1,FA,14
Lunch,"Monday, December 2, 2019",211, $836.00 ,2,32.5,0.58,1.5,1,FA,14
Dinner,"Monday, December 2, 2019",42, $172.00 ,2,32.5,0.58,1.5,1,FA,14
Breakfast,"Friday, November 22, 2019",248," $1,009.00 ",6,42.5,0,0,0,FA,13
Lunch,"Friday, November 22, 2019",65, $288.00 ,6,42.5,0,0,0,FA,13
Breakfast,"Thursday, November 21, 2019",307," $1,188.00 ",5,38.5,0,0,0,FA,13
Lunch,"Thursday, November 21, 2019",199, $857.00 ,5,38.5,0,0,0,FA,13
Dinner,"Thursday, November 21, 2019",47, $161.00 ,5,38.5,0,0,0,FA,13
Breakfast,"Wednesday, November 20, 2019",340," $1,310.00 ",4,38.5,0,0,0,FA,13
Lunch,"Wednesday, November 20, 2019",220, $892.00 ,4,38.5,0,0,0,FA,13
Dinner,"Wednesday, November 20, 2019",79, $302.00 ,4,38.5,0,0,0,FA,13
Breakfast,"Tuesday, November 19, 2019",343," $1,304.00 ",3,34,0,0,0,FA,13
Lunch,"Tuesday, November 19, 2019",225, $896.00 ,3,34,0,0,0,FA,13
Dinner,"Tuesday, November 19, 2019",67, $254.00 ,3,34,0,0,0,FA,13
Breakfast,"Monday, November 18, 2019",270, $968.00 ,2,33,0,0,0,FA,13
Lunch,"Monday, November 18, 2019",218, $783.00 ,2,33,0,0,0,FA,13
Dinner,"Monday, November 18, 2019",56, $218.00 ,2,33,0,0,0,FA,13
Lunch,"Sunday, November 17, 2019",293," $1,217.00 ",1,30.5,0,0,0,FA,13
Breakfast,"Sunday, November 17, 2019",103, $495.00 ,1,30.5,0,0,0,FA,13
Dinner,"Sunday, November 17, 2019",72, $288.00 ,1,30.5,0,0,0,FA,13
Lunch,"Saturday, November 16, 2019",217, $978.00 ,7,37,0,0,0,FA,12
Breakfast,"Saturday, November 16, 2019",222, $973.00 ,7,37,0,0,0,FA,12
Dinner,"Saturday, November 16, 2019",62, $275.00 ,7,37,0,0,0,FA,12
Breakfast,"Friday, November 15, 2019",273," $1,050.00 ",6,31,0,0,0,FA,12
Lunch,"Friday, November 15, 2019",222, $892.00 ,6,31,0,0,0,FA,12
Dinner,"Friday, November 15, 2019",78, $314.00 ,6,31,0,0,0,FA,12
Breakfast,"Thursday, November 14, 2019",303," $1,181.00 ",5,23.5,0,0,0,FA,12
Lunch,"Thursday, November 14, 2019",263," $1,109.00 ",5,23.5,0,0,0,FA,12
Dinner,"Thursday, November 14, 2019",53, $203.00 ,5,23.5,0,0,0,FA,12
Breakfast,"Wednesday, November 13, 2019",299," $1,163.00 ",4,25.5,0,0,0,FA,12
Lunch,"Wednesday, November 13, 2019",230, $906.00 ,4,25.5,0,0,0,FA,12
Dinner,"Wednesday, November 13, 2019",65, $286.00 ,4,25.5,0,0,0,FA,12
Breakfast,"Tuesday, November 12, 2019",295," $1,135.00 ",3,43.5,0,0,0,FA,12
Lunch,"Tuesday, November 12, 2019",277," $1,109.00 ",3,43.5,0.1,0,0,FA,12
Dinner,"Tuesday, November 12, 2019",79, $323.00 ,3,43.5,0.1,0,0,FA,12
Breakfast,"Monday, November 11, 2019",290," $1,069.00 ",2,44.5,0.1,0,0,FA,12
Lunch,"Monday, November 11, 2019",230, $945.00 ,2,44.5,0,0,0,FA,12
Dinner,"Monday, November 11, 2019",56, $185.00 ,2,44.5,0,0,0,FA,12
Lunch,"Sunday, November 10, 2019",277," $1,229.00 ",1,29.5,0,0,0,FA,12
Breakfast,"Sunday, November 10, 2019",91, $413.00 ,1,29.5,0,0,0,FA,12
Dinner,"Sunday, November 10, 2019",67, $272.00 ,1,29.5,0,0,0,FA,12
Lunch,"Saturday, November 9, 2019",262," $1,203.00 ",7,28,0,0,0,FA,11
Breakfast,"Saturday, November 9, 2019",130, $569.00 ,7,28,0,0,0,FA,11
Dinner,"Saturday, November 9, 2019",54, $238.00 ,7,28,0,0,0,FA,11
Breakfast,"Friday, November 8, 2019",305," $1,181.00 ",6,37,0,0,0,FA,11
Lunch,"Friday, November 8, 2019",211, $916.00 ,6,37,0.23,0,0,FA,11
Dinner,"Friday, November 8, 2019",65, $242.00 ,6,37,0.23,0,0,FA,11
Breakfast,"Thursday, November 7, 2019",321," $1,313.00 ",5,43,0.23,0,0,FA,11
Lunch,"Thursday, November 7, 2019",241, $946.00 ,5,43,0.03,0,0,FA,11
Dinner,"Thursday, November 7, 2019",45, $150.00 ,5,43,0.03,0,0,FA,11
Breakfast,"Wednesday, November 6, 2019",329," $1,258.00 ",4,42.5,0.03,0,0,FA,11
Lunch,"Wednesday, November 6, 2019",259," $1,062.00 ",4,42.5,0,0,0,FA,11
Dinner,"Wednesday, November 6, 2019",62, $249.00 ,4,42.5,0,0,0,FA,11
Breakfast,"Tuesday, November 5, 2019",330," $1,270.00 ",3,41.5,0,0,0,FA,11
Lunch,"Tuesday, November 5, 2019",273," $1,166.00 ",3,41.5,0,0,0,FA,11
Dinner,"Tuesday, November 5, 2019",60, $224.00 ,3,41.5,0,0,0,FA,11
Breakfast,"Monday, November 4, 2019",292," $1,144.00 ",2,37.5,0,0,0,FA,11
Lunch,"Monday, November 4, 2019",244," $1,004.00 ",2,37.5,0,0,0,FA,11
Dinner,"Monday, November 4, 2019",67, $250.00 ,2,37.5,0,0,0,FA,11
Lunch,"Sunday, November 3, 2019",257," $1,147.00 ",1,38,0,0,0,FA,11
Breakfast,"Sunday, November 3, 2019",127, $530.00 ,1,38,0,0,0,FA,11
Dinner,"Sunday, November 3, 2019",53, $254.00 ,1,38,0,0,0,FA,11
Lunch,"Saturday, November 2, 2019",300," $1,319.00 ",7,33,0,0,0,FA,10
Breakfast,"Saturday, November 2, 2019",103, $457.00 ,7,33,0,0,0,FA,10
Dinner,"Saturday, November 2, 2019",78, $320.00 ,7,33,0,0,0,FA,10
Breakfast,"Friday, November 1, 2019",308," $1,192.00 ",6,54,0,0,0,FA,10
Lunch,"Friday, November 1, 2019",243," $1,128.00 ",6,54,1.28,0,0,FA,10
Dinner,"Friday, November 1, 2019",51, $224.00 ,6,54,1.28,0,0,FA,10
Breakfast,"Thursday, October 31, 2019",297," $1,192.00 ",5,59,1.28,0,0,FA,10
Lunch,"Thursday, October 31, 2019",261," $1,037.00 ",5,59,0.35,0,0,FA,10
Dinner,"Thursday, October 31, 2019",58, $225.00 ,5,59,0.35,0,0,FA,10
Breakfast,"Wednesday, October 30, 2019",299," $1,112.00 ",4,57,0.35,0,0,FA,10
Lunch,"Wednesday, October 30, 2019",223, $892.00 ,4,57,0,0,0,FA,10
Dinner,"Wednesday, October 30, 2019",86, $340.00 ,4,57,0,0,0,FA,10
Breakfast,"Tuesday, October 29, 2019",311," $1,225.00 ",3,57,0,0,0,FA,10
Lunch,"Tuesday, October 29, 2019",234, $983.00 ,3,57,0,0,0,FA,10
Dinner,"Tuesday, October 29, 2019",83, $315.00 ,3,57,0,0,0,FA,10
Breakfast,"Monday, October 28, 2019",271," $1,005.00 ",2,55.5,0,0,0,FA,10
Lunch,"Monday, October 28, 2019",235, $908.00 ,2,55.5,0.1,0,0,FA,10
Dinner,"Monday, October 28, 2019",62, $231.00 ,2,55.5,0.1,0,0,FA,10
Lunch,"Sunday, October 27, 2019",261," $1,122.00 ",1,50.5,0.1,0,0,FA,10
Dinner,"Sunday, October 27, 2019",71, $265.00 ,1,50.5,1.34,0,0,FA,10
Breakfast,"Sunday, October 27, 2019",69, $256.00 ,1,50.5,1.34,0,0,FA,10
Lunch,"Saturday, October 26, 2019",255," $1,153.00 ",7,51,1.34,0,0,FA,9
Breakfast,"Saturday, October 26, 2019",121, $543.00 ,7,51,0,0,0,FA,9
Dinner,"Saturday, October 26, 2019",66, $298.00 ,7,51,0,0,0,FA,9
Breakfast,"Friday, October 25, 2019",301," $1,233.00 ",6,52.5,0,0,0,FA,9
Lunch,"Friday, October 25, 2019",240," $1,041.00 ",6,52.5,0,0,0,FA,9
Dinner,"Friday, October 25, 2019",50, $190.00 ,6,52.5,0,0,0,FA,9
Breakfast,"Thursday, October 24, 2019",308," $1,275.00 ",5,48,0,0,0,FA,9
Lunch,"Thursday, October 24, 2019",259," $1,112.00 ",5,48,0,0,0,FA,9
Dinner,"Thursday, October 24, 2019",69, $265.00 ,5,48,0,0,0,FA,9
Lunch,"Wednesday, October 23, 2019",296," $1,228.00 ",4,50,0,0,0,FA,9
Breakfast,"Wednesday, October 23, 2019",291," $1,094.00 ",4,50,1,0,0,FA,9
Dinner,"Wednesday, October 23, 2019",60, $237.00 ,4,50,1,0,0,FA,9
Breakfast,"Tuesday, October 22, 2019",311," $1,235.00 ",3,57.5,1,0,0,FA,9
Lunch,"Tuesday, October 22, 2019",233, $978.00 ,3,57.5,0,0,0,FA,9
Dinner,"Tuesday, October 22, 2019",62, $230.00 ,3,57.5,0,0,0,FA,9
Breakfast,"Monday, October 21, 2019",273," $1,042.00 ",2,53,0,0,0,FA,9
Lunch,"Monday, October 21, 2019",214, $880.00 ,2,53,0.01,0,0,FA,9
Dinner,"Monday, October 21, 2019",65, $234.00 ,2,53,0.01,0,0,FA,9
Lunch,"Sunday, October 20, 2019",279," $1,285.00 ",1,47.5,0.01,0,0,FA,9
Breakfast,"Sunday, October 20, 2019",85, $382.00 ,1,47.5,0,0,0,FA,9
Dinner,"Sunday, October 20, 2019",50, $195.00 ,1,47.5,0,0,0,FA,9
Lunch,"Saturday, October 19, 2019",268," $1,301.00 ",7,43.5,0,0,0,FA,8
Breakfast,"Saturday, October 19, 2019",184, $901.00 ,7,43.5,0,0,0,FA,8
Dinner,"Saturday, October 19, 2019",52, $193.00 ,7,43.5,0,0,0,FA,8
Breakfast,"Friday, October 18, 2019",292," $1,207.00 ",6,46,0,0,0,FA,8
Lunch,"Friday, October 18, 2019",216, $917.00 ,6,46,0.02,0,0,FA,8
Dinner,"Friday, October 18, 2019",83, $307.00 ,6,46,0.02,0,0,FA,8
Breakfast,"Thursday, October 17, 2019",290," $1,224.00 ",5,50,0.02,0,0,FA,8
Lunch,"Thursday, October 17, 2019",218, $887.00 ,5,50,0.35,0,0,FA,8
Dinner,"Thursday, October 17, 2019",71, $287.00 ,5,50,0.35,0,0,FA,8
Breakfast,"Wednesday, October 16, 2019",305," $1,159.00 ",4,50.5,0.35,0,0,FA,8
Lunch,"Wednesday, October 16, 2019",168, $682.00 ,4,50.5,0,0,0,FA,8
Dinner,"Wednesday, October 16, 2019",69, $257.00 ,4,50.5,0,0,0,FA,8
Breakfast,"Tuesday, October 15, 2019",338," $1,475.00 ",3,50.5,0,0,0,FA,8
Lunch,"Tuesday, October 15, 2019",247," $1,008.00 ",3,50.5,0,0,0,FA,8
Dinner,"Tuesday, October 15, 2019",67, $260.00 ,3,50.5,0,0,0,FA,8
Breakfast,"Monday, October 14, 2019",277," $1,074.00 ",2,47.5,0,0,0,FA,8
Lunch,"Monday, October 14, 2019",191, $800.00 ,2,47.5,0,0,0,FA,8
Dinner,"Monday, October 14, 2019",47, $194.00 ,2,47.5,0,0,0,FA,8
Lunch,"Sunday, October 13, 2019",179, $835.00 ,1,48,0,0,0,FA,8
Breakfast,"Sunday, October 13, 2019",125, $525.00 ,1,48,0.01,0,0,FA,8
Dinner,"Sunday, October 13, 2019",50, $182.00 ,1,48,0.01,0,0,FA,8
Lunch,"Saturday, October 12, 2019",187, $806.00 ,7,56.5,0.01,0,0,FA,7
Breakfast,"Saturday, October 12, 2019",97, $462.00 ,7,56.5,0,0,0,FA,7
Dinner,"Saturday, October 12, 2019",40, $189.00 ,7,56.5,0,0,0,FA,7
Breakfast,"Friday, October 11, 2019",293," $1,142.00 ",6,54.5,0,0,0,FA,7
Lunch,"Friday, October 11, 2019",207, $862.00 ,6,54.5,0,0,0,FA,7
Dinner,"Friday, October 11, 2019",65, $239.00 ,6,54.5,0,0,0,FA,7
Breakfast,"Thursday, October 10, 2019",331," $1,291.00 ",5,53,0,0,0,FA,7
Lunch,"Thursday, October 10, 2019",198, $810.00 ,5,53,0,0,0,FA,7
Dinner,"Thursday, October 10, 2019",73, $276.00 ,5,53,0,0,0,FA,7
Breakfast,"Wednesday, October 9, 2019",323," $1,236.00 ",4,54.5,0,0,0,FA,7
Lunch,"Wednesday, October 9, 2019",222, $870.00 ,4,54.5,0,0,0,FA,7
Dinner,"Wednesday, October 9, 2019",69, $244.00 ,4,54.5,0,0,0,FA,7
Breakfast,"Tuesday, October 8, 2019",321," $1,229.00 ",3,54,0,0,0,FA,7
Lunch,"Tuesday, October 8, 2019",217, $870.00 ,3,54,0.36,0,0,FA,7
Dinner,"Tuesday, October 8, 2019",67, $275.00 ,3,54,0.36,0,0,FA,7
Breakfast,"Monday, October 7, 2019",283," $1,073.00 ",2,59.5,0.36,0,0,FA,7
Dinner,"Monday, October 7, 2019",63, $222.00 ,2,59.5,0.35,0,0,FA,7
Lunch,"Monday, October 7, 2019",196, $91.00 ,2,59.5,0.35,0,0,FA,7
Lunch,"Sunday, October 6, 2019",250," $1,149.00 ",1,49.5,0.35,0,0,FA,7
Breakfast,"Sunday, October 6, 2019",101, $461.00 ,1,49.5,0,0,0,FA,7
Dinner,"Sunday, October 6, 2019",45, $181.00 ,1,49.5,0,0,0,FA,7
Breakfast,"Saturday, October 5, 2019",200, $948.00 ,7,49.5,0,0,0,FA,6
Lunch,"Saturday, October 5, 2019",166, $685.00 ,7,49.5,0,0,0,FA,6
Dinner,"Saturday, October 5, 2019",56, $200.00 ,7,49.5,0,0,0,FA,6
Breakfast,"Friday, October 4, 2019",316," $1,293.00 ",6,59,0,0,0,FA,6
Lunch,"Friday, October 4, 2019",204, $827.00 ,6,59,0.14,0,0,FA,6
Dinner,"Friday, October 4, 2019",51, $190.00 ,6,59,0.14,0,0,FA,6
Breakfast,"Thursday, October 3, 2019",327," $1,317.00 ",5,69.5,0.21,0,0,FA,6
Lunch,"Thursday, October 3, 2019",220, $904.00 ,5,69.5,0.21,0,0,FA,6
Dinner,"Thursday, October 3, 2019",56, $225.00 ,5,69.5,0.21,0,0,FA,6
Breakfast,"Wednesday, October 2, 2019",284," $1,060.00 ",4,75,0,0,0,FA,6
Lunch,"Wednesday, October 2, 2019",175, $637.00 ,4,75,0,0,0,FA,6
Dinner,"Wednesday, October 2, 2019",65, $239.00 ,4,75,0,0,0,FA,6
Breakfast,"Tuesday, October 1, 2019",325," $1,314.00 ",3,63,0.26,0,0,FA,6
Lunch,"Tuesday, October 1, 2019",202, $792.00 ,3,63,0.26,0,0,FA,6
Dinner,"Tuesday, October 1, 2019",78, $307.00 ,3,63,0.26,0,0,FA,6
Breakfast,"Monday, September 30, 2019",273," $1,107.00 ",2,66.5,0,0,0,FA,6
Lunch,"Monday, September 30, 2019",178, $725.00 ,2,66.5,0,0,0,FA,6
Dinner,"Monday, September 30, 2019",72, $276.00 ,2,66.5,0,0,0,FA,6
Lunch,"Sunday, September 29, 2019",268," $1,132.00 ",1,74,0,0,0,FA,6
Breakfast,"Sunday, September 29, 2019",115, $527.00 ,1,74,0,0,0,FA,6
Dinner,"Sunday, September 29, 2019",77, $290.00 ,1,74,0,0,0,FA,6
Lunch,"Saturday, September 28, 2019",267," $1,243.00 ",7,62,0,0,0,FA,5
Breakfast,"Saturday, September 28, 2019",124, $549.00 ,7,62,0,0,0,FA,5
Dinner,"Saturday, September 28, 2019",70, $291.00 ,7,62,0,0,0,FA,5
Breakfast,"Friday, September 27, 2019",282," $1,118.00 ",6,60,0.19,0,0,FA,5
Lunch,"Friday, September 27, 2019",172, $723.00 ,6,60,0.19,0,0,FA,5
Dinner,"Friday, September 27, 2019",46, $179.00 ,6,60,0.19,0,0,FA,5
Breakfast,"Thursday, September 26, 2019",332," $1,315.00 ",5,64,0,0,0,FA,5
Lunch,"Thursday, September 26, 2019",172, $655.00 ,5,64,0,0,0,FA,5
Dinner,"Thursday, September 26, 2019",32, $153.00 ,5,64,0,0,0,FA,5
Breakfast,"Wednesday, September 25, 2019",304, $866.00 ,4,60.5,0,0,0,FA,5
Lunch,"Wednesday, September 25, 2019",216, $760.00 ,4,60.5,0,0,0,FA,5
Dinner,"Wednesday, September 25, 2019",68, $236.00 ,4,60.5,0,0,0,FA,5
Breakfast,"Tuesday, September 24, 2019",346," $1,437.00 ",3,68,0,0,0,FA,5
Lunch,"Tuesday, September 24, 2019",216, $872.00 ,3,68,0,0,0,FA,5
Dinner,"Tuesday, September 24, 2019",64, $238.00 ,3,68,0,0,0,FA,5
Breakfast,"Monday, September 23, 2019",285," $1,030.00 ",2,73.5,0,0,0,FA,5
Lunch,"Monday, September 23, 2019",162, $620.00 ,2,73.5,0,0,0,FA,5
Dinner,"Monday, September 23, 2019",21, $84.00 ,2,73.5,0,0,0,FA,5
Lunch,"Sunday, September 22, 2019",248, $905.00 ,1,68.5,0,0,0,FA,5
Breakfast,"Sunday, September 22, 2019",127, $495.00 ,1,68.5,0,0,0,FA,5
Dinner,"Sunday, September 22, 2019",42, $184.00 ,1,68.5,0,0,0,FA,5
Lunch,"Saturday, September 21, 2019",243, $857.00 ,7,62.5,0,0,0,FA,4
Breakfast,"Saturday, September 21, 2019",144, $530.00 ,7,62.5,0,0,0,FA,4
Dinner,"Saturday, September 21, 2019",75, $249.00 ,7,62.5,0,0,0,FA,4
Breakfast,"Friday, September 20, 2019",287," $1,109.00 ",6,59.5,0,0,0,FA,4
Lunch,"Friday, September 20, 2019",181, $690.00 ,6,59.5,0,0,0,FA,4
Dinner,"Friday, September 20, 2019",46, $147.00 ,6,59.5,0,0,0,FA,4
Breakfast,"Thursday, September 19, 2019",348," $1,250.00 ",5,60,0,0,0,FA,4
Lunch,"Thursday, September 19, 2019",203, $764.00 ,5,60,0,0,0,FA,4
Dinner,"Thursday, September 19, 2019",46, $149.00 ,5,60,0,0,0,FA,4
Breakfast,"Wednesday, September 18, 2019",337," $1,090.00 ",4,62,0,0,0,FA,4
Lunch,"Wednesday, September 18, 2019",173, $491.00 ,4,62,0,0,0,FA,4
Dinner,"Wednesday, September 18, 2019",42, $134.00 ,4,62,0,0,0,FA,4
Breakfast,"Tuesday, September 17, 2019",365," $1,255.00 ",3,68,0,0,0,FA,4
Lunch,"Tuesday, September 17, 2019",168, $557.00 ,3,68,0,0,0,FA,4
Dinner,"Tuesday, September 17, 2019",51, $142.00 ,3,68,0,0,0,FA,4
Breakfast,"Monday, September 16, 2019",269," $1,007.00 ",2,66,0,0,0,FA,4
Lunch,"Monday, September 16, 2019",156, $604.00 ,2,66,0,0,0,FA,4
Dinner,"Monday, September 16, 2019",42, $156.00 ,2,66,0,0,0,FA,4
Lunch,"Sunday, September 15, 2019",263," $1,038.00 ",1,62,0.13,0,1,FA,4
Breakfast,"Sunday, September 15, 2019",140, $563.00 ,1,62,0.13,0,1,FA,4
Dinner,"Sunday, September 15, 2019",48, $125.00 ,1,62,0.13,0,1,FA,4
Breakfast,"Saturday, September 14, 2019",197, $791.00 ,7,61,0.04,0,0,FA,3
Lunch,"Saturday, September 14, 2019",123, $446.00 ,7,61,0.04,0,0,FA,3
Dinner,"Saturday, September 14, 2019",67, $192.00 ,7,61,0.04,0,0,FA,3
Breakfast,"Friday, September 13, 2019",326," $1,350.00 ",6,71,0.05,0,0,FA,3
Lunch,"Friday, September 13, 2019",150, $623.00 ,6,71,0.05,0,0,FA,3
Dinner,"Friday, September 13, 2019",33, $117.00 ,6,71,0.05,0,0,FA,3
Breakfast,"Thursday, September 12, 2019",326," $1,175.00 ",5,78,0.51,0,1,FA,3
Lunch,"Thursday, September 12, 2019",165, $615.00 ,5,78,0.51,0,1,FA,3
Dinner,"Thursday, September 12, 2019",34, $103.00 ,5,78,0.51,0,1,FA,3
Breakfast,"Wednesday, September 11, 2019",263, $899.00 ,4,69.5,0,0,0,FA,3
Lunch,"Wednesday, September 11, 2019",161, $482.00 ,4,69.5,0,0,0,FA,3
Dinner,"Wednesday, September 11, 2019",26, $94.00 ,4,69.5,0,0,0,FA,3
Breakfast,"Tuesday, September 10, 2019",277, $994.00 ,3,64.5,0,0,0,FA,3
Lunch,"Tuesday, September 10, 2019",211, $688.00 ,3,64.5,0,0,0,FA,3
Dinner,"Tuesday, September 10, 2019",68, $189.00 ,3,64.5,0,0,0,FA,3
Breakfast,"Monday, September 9, 2019",260, $961.00 ,2,66,0,0,0,FA,3
Lunch,"Monday, September 9, 2019",173, $622.00 ,2,66,0,0,0,FA,3
Dinner,"Monday, September 9, 2019",62, $177.00 ,2,66,0,0,0,FA,3
Lunch,"Sunday, September 8, 2019",216, $874.00 ,1,63,0,0,0,FA,3
Breakfast,"Sunday, September 8, 2019",128, $535.00 ,1,63,0,0,0,FA,3
Dinner,"Sunday, September 8, 2019",25, $59.00 ,1,63,0,0,0,FA,3
Lunch,"Saturday, September 7, 2019",261, $949.00 ,7,63,0,0,0,FA,2
Breakfast,"Saturday, September 7, 2019",145, $564.00 ,7,63,0,0,0,FA,2
Dinner,"Saturday, September 7, 2019",31, $82.00 ,7,63,0,0,0,FA,2
Breakfast,"Friday, September 6, 2019",260, $977.00 ,6,60.5,0,0,0,FA,2
Lunch,"Friday, September 6, 2019",104, $427.00 ,6,60.5,0,0,0,FA,2
Dinner,"Friday, September 6, 2019",15, $60.00 ,6,60.5,0,0,0,FA,2
Breakfast,"Thursday, September 5, 2019",244, $942.00 ,5,68.5,0,0,0,FA,2
Lunch,"Thursday, September 5, 2019",150, $538.00 ,5,68.5,0,0,0,FA,2
Dinner,"Thursday, September 5, 2019",46, $190.00 ,5,68.5,0,0,0,FA,2
Breakfast,"Wednesday, September 4, 2019",248, $800.00 ,4,70,0,0,0,FA,2
Lunch,"Wednesday, September 4, 2019",101, $242.00 ,4,70,0,0,0,FA,2
Dinner,"Wednesday, September 4, 2019",71, $174.00 ,4,70,0,0,0,FA,2
Breakfast,"Tuesday, September 3, 2019",233, $904.00 ,3,67.5,0,0,0,FA,2
Lunch,"Tuesday, September 3, 2019",145, $474.00 ,3,67.5,0,0,0,FA,2
Dinner,"Tuesday, September 3, 2019",116, $323.00 ,3,67.5,0,0,0,FA,2
Lunch,"Monday, September 2, 2019",216, $805.00 ,2,66.5,0.95,0,1,FA,2
Breakfast,"Monday, September 2, 2019",100, $383.00 ,2,66.5,0.95,0,1,FA,2
Dinner,"Monday, September 2, 2019",96, $327.00 ,2,66.5,0.95,0,1,FA,2
Lunch,"Sunday, September 1, 2019",212, $820.00 ,1,67,0,0,0,FA,2
Dinner,"Sunday, September 1, 2019",112, $362.00 ,1,67,0,0,0,FA,2
Breakfast,"Sunday, September 1, 2019",82, $347.00 ,1,67,0,0,0,FA,2
Breakfast,"Saturday, August 31, 2019",187, $739.00 ,7,71,0,0,0,FA,1
Lunch,"Saturday, August 31, 2019",136, $484.00 ,7,71,0,0,0,FA,1
Dinner,"Saturday, August 31, 2019",49, $108.00 ,7,71,0,0,0,FA,1
Breakfast,"Friday, August 30, 2019",243, $953.00 ,6,66.5,0,0,0,FA,1
Lunch,"Friday, August 30, 2019",135, $521.00 ,6,66.5,0,0,0,FA,1
Dinner,"Friday, August 30, 2019",55, $177.00 ,6,66.5,0,0,0,FA,1
Breakfast,"Thursday, August 29, 2019",254," $1,076.00 ",5,66,0.37,0,0,FA,1
Lunch,"Thursday, August 29, 2019",125, $453.00 ,5,66,0.37,0,0,FA,1
Dinner,"Thursday, August 29, 2019",74, $287.00 ,5,66,0.37,0,0,FA,1
Breakfast,"Wednesday, August 28, 2019",226, $775.00 ,4,64,0.1,0,0,FA,1
Lunch,"Wednesday, August 28, 2019",81, $257.00 ,4,64,0.1,0,0,FA,1
Dinner,"Wednesday, August 28, 2019",57, $203.00 ,4,64,0.1,0,0,FA,1
Breakfast,"Tuesday, August 27, 2019",215," $1,135.00 ",3,65,0.02,0,0,FA,1
Lunch,"Tuesday, August 27, 2019",119, $737.00 ,3,65,0.02,0,0,FA,1
Dinner,"Tuesday, August 27, 2019",56, $204.00 ,3,65,0.02,0,0,FA,1
Breakfast,"Monday, August 26, 2019",252," $1,293.00 ",2,62.5,0,0,0,FA,1
Lunch,"Monday, August 26, 2019",89, $375.00 ,2,62.5,0,0,0,FA,1
Dinner,"Monday, August 26, 2019",52, $248.00 ,2,62.5,0,0,0,FA,1
