Meal,Date,Customers, Revenue ,Day Of Week,Temp,Percipitation Amt,Snow Amount,NOAA Event,Semester,Week Num
Dinner,"Thursday, April 4, 2019",560," $1,829.00 ",5,45.5,0,0,0,SP,12
Lunch,"Thursday, April 4, 2019",493," $1,670.00 ",5,45.5,0,0,0,SP,12
Breakfast,"Thursday, April 4, 2019",284, $658.00 ,5,45.5,0,0,0,SP,12
Dinner,"Wednesday, April 3, 2019",652," $2,227.00 ",4,37.5,0,0,0,SP,12
Lunch,"Wednesday, April 3, 2019",473," $1,622.00 ",4,37.5,0,0,0,SP,12
Breakfast,"Wednesday, April 3, 2019",302, $694.00 ,4,37.5,0,0,0,SP,12
Dinner,"Tuesday, April 2, 2019",619," $2,144.00 ",3,33.5,0,0,0,SP,12
Lunch,"Tuesday, April 2, 2019",480," $1,648.00 ",3,33.5,0,0,0,SP,12
Breakfast,"Tuesday, April 2, 2019",285, $641.00 ,3,33.5,0,0,0,SP,12
Dinner,"Monday, April 1, 2019",577," $1,955.00 ",2,32.5,0,0,0,SP,12
Lunch,"Monday, April 1, 2019",467," $1,514.00 ",2,32.5,0,0,0,SP,12
Breakfast,"Monday, April 1, 2019",307, $654.00 ,2,32.5,0,0,0,SP,12
Dinner,"Sunday, March 31, 2019",645," $2,195.00 ",1,54.5,0.06,0,0,SP,12
Lunch,"Sunday, March 31, 2019",405," $1,424.00 ",1,54.5,0.06,0,0,SP,12
Breakfast,"Sunday, March 31, 2019",95, $224.00 ,1,54.5,0.06,0,0,SP,12
Dinner,"Saturday, March 30, 2019",450," $1,586.00 ",7,53,0.03,0,0,SP,11
Lunch,"Saturday, March 30, 2019",404," $1,325.00 ",7,53,0.03,0,0,SP,11
Breakfast,"Saturday, March 30, 2019",102, $238.00 ,7,53,0.03,0,0,SP,11
Lunch,"Friday, March 29, 2019",432," $1,408.00 ",6,47.5,0.01,0,0,SP,11
Dinner,"Friday, March 29, 2019",418," $1,353.00 ",6,47.5,0.01,0,0,SP,11
Breakfast,"Friday, March 29, 2019",275, $623.00 ,6,47.5,0.01,0,0,SP,11
Dinner,"Thursday, March 28, 2019",617," $2,041.00 ",5,39,0,0,0,SP,11
Lunch,"Thursday, March 28, 2019",464," $1,569.00 ",5,39,0,0,0,SP,11
Breakfast,"Thursday, March 28, 2019",276, $600.00 ,5,39,0,0,0,SP,11
Dinner,"Wednesday, March 27, 2019",560," $1,895.00 ",4,34.5,0,0,0,SP,11
Lunch,"Wednesday, March 27, 2019",435," $1,490.00 ",4,34.5,0,0,0,SP,11
Breakfast,"Wednesday, March 27, 2019",291, $618.00 ,4,34.5,0,0,0,SP,11
Dinner,"Tuesday, March 26, 2019",626," $2,112.00 ",3,35.5,0,0,0,SP,11
Lunch,"Tuesday, March 26, 2019",491," $1,701.00 ",3,35.5,0,0,0,SP,11
Breakfast,"Tuesday, March 26, 2019",286, $630.00 ,3,35.5,0,0,0,SP,11
Dinner,"Monday, March 25, 2019",613," $2,036.00 ",2,45.5,0.01,0,0,SP,11
Lunch,"Monday, March 25, 2019",454," $1,409.00 ",2,45.5,0.01,0,0,SP,11
Breakfast,"Monday, March 25, 2019",285, $588.00 ,2,45.5,0.01,0,0,SP,11
Dinner,"Sunday, March 24, 2019",573," $1,999.00 ",1,36,0,0,0,SP,11
Lunch,"Sunday, March 24, 2019",414," $1,380.00 ",1,36,0,0,0,SP,11
Breakfast,"Sunday, March 24, 2019",101, $256.00 ,1,36,0,0,0,SP,11
Dinner,"Saturday, March 23, 2019",483," $1,651.00 ",7,35,0,0,0,SP,10
Lunch,"Saturday, March 23, 2019",422," $1,419.00 ",7,35,0,0,0,SP,10
Breakfast,"Saturday, March 23, 2019",106, $244.00 ,7,35,0,0,0,SP,10
Lunch,"Friday, March 22, 2019",447," $1,476.00 ",6,38,1.1,0,0,SP,10
Dinner,"Friday, March 22, 2019",408," $1,407.00 ",6,38,1.1,0,0,SP,10
Breakfast,"Friday, March 22, 2019",299, $673.00 ,6,38,1.1,0,0,SP,10
Dinner,"Thursday, March 21, 2019",656," $2,179.00 ",5,39,0,0,0,SP,10
Lunch,"Thursday, March 21, 2019",492," $1,672.00 ",5,39,0,0,0,SP,10
Breakfast,"Thursday, March 21, 2019",280, $639.00 ,5,39,0,0,0,SP,10
Dinner,"Wednesday, March 20, 2019",598," $2,112.00 ",4,35,0,0,0,SP,10
Lunch,"Wednesday, March 20, 2019",456," $1,527.00 ",4,35,0,0,0,SP,10
Breakfast,"Wednesday, March 20, 2019",316, $677.00 ,4,35,0,0,0,SP,10
Dinner,"Tuesday, March 19, 2019",575," $2,010.00 ",3,31.5,0,0,0,SP,10
Lunch,"Tuesday, March 19, 2019",457," $1,525.00 ",3,31.5,0,0,0,SP,10
Breakfast,"Tuesday, March 19, 2019",312, $654.00 ,3,31.5,0,0,0,SP,10
Dinner,"Monday, March 18, 2019",580," $1,962.00 ",2,33.5,0,0,0,SP,10
Lunch,"Monday, March 18, 2019",442," $1,410.00 ",2,33.5,0,0,0,SP,10
Breakfast,"Monday, March 18, 2019",282, $580.00 ,2,33.5,0,0,0,SP,10
Dinner,"Sunday, March 17, 2019",543," $1,829.00 ",1,32.5,0,0,0,SP,10
Lunch,"Sunday, March 17, 2019",437," $1,562.00 ",1,32.5,0,0,0,SP,10
Breakfast,"Sunday, March 17, 2019",84, $175.00 ,1,32.5,0,0,0,SP,10
Dinner,"Saturday, March 16, 2019",481," $1,620.00 ",7,50,0.02,0,1,SP,9
Lunch,"Saturday, March 16, 2019",403," $1,307.00 ",7,50,0.02,0,1,SP,9
Breakfast,"Saturday, March 16, 2019",116, $313.00 ,7,50,0.02,0,1,SP,9
Lunch,"Friday, March 15, 2019",456," $1,545.00 ",6,49.5,0.04,0,0,SP,9
Dinner,"Friday, March 15, 2019",393," $1,343.00 ",6,49.5,0.04,0,0,SP,9
Breakfast,"Friday, March 15, 2019",273, $611.00 ,6,49.5,0.04,0,0,SP,9
Dinner,"Thursday, March 14, 2019",630," $2,129.00 ",5,39.5,0,0,0,SP,9
Lunch,"Thursday, March 14, 2019",456," $1,552.00 ",5,39.5,0,0,0,SP,9
Breakfast,"Thursday, March 14, 2019",293, $635.00 ,5,39.5,0,0,0,SP,9
Dinner,"Wednesday, March 13, 2019",581," $2,045.00 ",4,33,0,0,0,SP,9
Lunch,"Wednesday, March 13, 2019",454," $1,536.00 ",4,33,0,0,0,SP,9
Breakfast,"Wednesday, March 13, 2019",290, $648.00 ,4,33,0,0,0,SP,9
Dinner,"Tuesday, March 12, 2019",530," $1,849.00 ",3,38,0,0,0,SP,9
Lunch,"Tuesday, March 12, 2019",445," $1,472.00 ",3,38,0,0,0,SP,9
Breakfast,"Tuesday, March 12, 2019",283, $637.00 ,3,38,0,0,0,SP,9
Dinner,"Monday, March 11, 2019",547," $1,825.00 ",2,44,0,0,0,SP,9
Lunch,"Monday, March 11, 2019",428," $1,469.00 ",2,44,0,0,0,SP,9
Breakfast,"Monday, March 11, 2019",251, $510.00 ,2,44,0,0,0,SP,9
Dinner,"Sunday, March 10, 2019",478," $1,663.00 ",1,37,0.56,0,0,SP,9
Lunch,"Sunday, March 10, 2019",99, $305.00 ,1,37,0.56,0,0,SP,9
Dinner,"Friday, March 1, 2019",337," $1,120.00 ",6,27.5,0.13,1.9,0,SP,8
Lunch,"Friday, March 1, 2019",293, $702.00 ,6,27.5,0.13,1.9,0,SP,8
Dinner,"Thursday, February 28, 2019",563," $1,955.00 ",5,29.5,0,0,0,SP,8
Lunch,"Thursday, February 28, 2019",475," $1,675.00 ",5,29.5,0,0,0,SP,8
Breakfast,"Thursday, February 28, 2019",350, $830.00 ,5,29.5,0,0,0,SP,8
Dinner,"Wednesday, February 27, 2019",640," $2,113.00 ",4,25,0,0,0,SP,8
Lunch,"Wednesday, February 27, 2019",514," $1,762.00 ",4,25,0,0,0,SP,8
Breakfast,"Wednesday, February 27, 2019",320, $734.00 ,4,25,0,0,0,SP,8
Dinner,"Tuesday, February 26, 2019",605," $2,101.00 ",3,26,0,0,0,SP,8
Lunch,"Tuesday, February 26, 2019",511," $1,781.00 ",3,26,0,0,0,SP,8
Breakfast,"Tuesday, February 26, 2019",334, $818.00 ,3,26,0,0,0,SP,8
Dinner,"Monday, February 25, 2019",670," $2,241.00 ",2,36,0.18,0,0,SP,8
Lunch,"Monday, February 25, 2019",466," $1,566.00 ",2,36,0.18,0,0,SP,8
Breakfast,"Monday, February 25, 2019",327, $678.00 ,2,36,0.18,0,0,SP,8
Dinner,"Sunday, February 24, 2019",652," $2,322.00 ",1,31.5,0.23,0,0,SP,8
Lunch,"Sunday, February 24, 2019",453," $1,565.00 ",1,31.5,0.23,0,0,SP,8
Breakfast,"Sunday, February 24, 2019",125, $304.00 ,1,31.5,0.23,0,0,SP,8
Dinner,"Saturday, February 23, 2019",456," $1,656.00 ",7,35,0,0,0,SP,7
Lunch,"Saturday, February 23, 2019",446," $1,613.00 ",7,35,0,0,0,SP,7
Breakfast,"Saturday, February 23, 2019",150, $391.00 ,7,35,0,0,0,SP,7
Lunch,"Friday, February 22, 2019",460," $1,584.00 ",6,39,0,0,0,SP,7
Dinner,"Friday, February 22, 2019",434," $1,509.00 ",6,39,0,0,0,SP,7
Breakfast,"Friday, February 22, 2019",273, $615.00 ,6,39,0,0,0,SP,7
Dinner,"Thursday, February 21, 2019",640," $2,162.00 ",5,28.5,1.13,5,1,SP,7
Lunch,"Thursday, February 21, 2019",466," $1,539.00 ",5,28.5,1.13,5,1,SP,7
Breakfast,"Thursday, February 21, 2019",309, $702.00 ,5,28.5,1.13,5,1,SP,7
Dinner,"Wednesday, February 20, 2019",596," $2,073.00 ",4,22.5,0,0,0,SP,7
Lunch,"Wednesday, February 20, 2019",543," $1,801.00 ",4,22.5,0,0,0,SP,7
Breakfast,"Wednesday, February 20, 2019",148, $396.00 ,4,22.5,0,0,0,SP,7
Dinner,"Tuesday, February 19, 2019",573," $1,863.00 ",3,25,0,0,0,SP,7
Lunch,"Tuesday, February 19, 2019",500," $1,661.00 ",3,25,0,0,0,SP,7
Breakfast,"Tuesday, February 19, 2019",302, $702.00 ,3,25,0,0,0,SP,7
Dinner,"Monday, February 18, 2019",553," $1,899.00 ",2,26.5,0.07,0.2,0,SP,7
Lunch,"Monday, February 18, 2019",482," $1,661.00 ",2,26.5,0.07,0.2,0,SP,7
Breakfast,"Monday, February 18, 2019",280, $653.00 ,2,26.5,0.07,0.2,0,SP,7
Dinner,"Sunday, February 17, 2019",587," $2,126.00 ",1,26.5,0,0,0,SP,7
Lunch,"Sunday, February 17, 2019",327," $1,095.00 ",1,26.5,0,0,0,SP,7
Breakfast,"Sunday, February 17, 2019",93, $233.00 ,1,26.5,0,0,0,SP,7
Dinner,"Saturday, February 16, 2019",417," $1,477.00 ",7,38.5,0,0,0,SP,6
Lunch,"Saturday, February 16, 2019",413," $1,464.00 ",7,38.5,0,0,0,SP,6
Breakfast,"Saturday, February 16, 2019",133, $321.00 ,7,38.5,0,0,0,SP,6
Dinner,"Friday, February 15, 2019",451," $1,635.00 ",6,35,0,0,0,SP,6
Lunch,"Friday, February 15, 2019",452," $1,594.00 ",6,35,0,0,0,SP,6
Breakfast,"Friday, February 15, 2019",289, $652.00 ,6,35,0,0,0,SP,6
Dinner,"Thursday, February 14, 2019",574," $1,968.00 ",5,28,0.01,0.4,0,SP,6
Lunch,"Thursday, February 14, 2019",436," $1,442.00 ",5,28,0.01,0.4,0,SP,6
Breakfast,"Thursday, February 14, 2019",326, $769.00 ,5,28,0.01,0.4,0,SP,6
Dinner,"Wednesday, February 13, 2019",628," $2,065.00 ",4,31,0.59,1,1,SP,6
Lunch,"Wednesday, February 13, 2019",464," $1,602.00 ",4,31,0.59,1,1,SP,6
Breakfast,"Wednesday, February 13, 2019",334, $756.00 ,4,31,0.59,1,1,SP,6
Dinner,"Tuesday, February 12, 2019",661," $2,300.00 ",3,28,0.5,4,1,SP,6
Lunch,"Tuesday, February 12, 2019",578," $2,032.00 ",3,28,0.5,4,1,SP,6
Breakfast,"Tuesday, February 12, 2019",158, $373.00 ,3,28,0.5,4,1,SP,6
Dinner,"Monday, February 11, 2019",653," $2,234.00 ",2,21.5,0.06,0.5,0,SP,6
Lunch,"Monday, February 11, 2019",480," $1,654.00 ",2,21.5,0.06,0.5,0,SP,6
Breakfast,"Monday, February 11, 2019",312, $696.00 ,2,21.5,0.06,0.5,0,SP,6
Dinner,"Sunday, February 10, 2019",619," $2,153.00 ",1,18,0,0,0,SP,6
Lunch,"Sunday, February 10, 2019",422," $1,400.00 ",1,18,0,0,0,SP,6
Breakfast,"Sunday, February 10, 2019",115, $268.00 ,1,18,0,0,0,SP,6
Dinner,"Saturday, February 9, 2019",485," $1,696.00 ",7,31.5,0,0,0,SP,5
Lunch,"Saturday, February 9, 2019",414," $1,424.00 ",7,31.5,0,0,0,SP,5
Breakfast,"Saturday, February 9, 2019",111, $289.00 ,7,31.5,0,0,0,SP,5
Dinner,"Friday, February 8, 2019",462," $1,588.00 ",6,44.5,0.6,0,0,SP,5
Lunch,"Friday, February 8, 2019",468," $1,548.00 ",6,44.5,0.6,0,0,SP,5
Breakfast,"Friday, February 8, 2019",291, $681.00 ,6,44.5,0.6,0,0,SP,5
Dinner,"Thursday, February 7, 2019",625," $2,134.00 ",5,37.5,0.48,0,0,SP,5
Lunch,"Thursday, February 7, 2019",506," $1,718.00 ",5,37.5,0.48,0,0,SP,5
Breakfast,"Thursday, February 7, 2019",318, $729.00 ,5,37.5,0.48,0,0,SP,5
Dinner,"Wednesday, February 6, 2019",594," $2,113.00 ",4,45,0,0,0,SP,5
Lunch,"Wednesday, February 6, 2019",465," $1,594.00 ",4,45,0,0,0,SP,5
Breakfast,"Wednesday, February 6, 2019",303, $639.00 ,4,45,0,0,0,SP,5
Dinner,"Tuesday, February 5, 2019",647," $2,249.00 ",3,43.5,0,0,0,SP,5
Lunch,"Tuesday, February 5, 2019",508," $1,739.00 ",3,43.5,0,0,0,SP,5
Breakfast,"Tuesday, February 5, 2019",315, $726.00 ,3,43.5,0,0,0,SP,5
Dinner,"Monday, February 4, 2019",723," $2,421.00 ",2,41,0,0,0,SP,5
Lunch,"Monday, February 4, 2019",508," $1,781.00 ",2,41,0,0,0,SP,5
Breakfast,"Monday, February 4, 2019",336, $774.00 ,2,41,0,0,0,SP,5
Lunch,"Sunday, February 3, 2019",497," $1,631.00 ",1,23.5,0,0,0,SP,5
Dinner,"Sunday, February 3, 2019",494," $1,604.00 ",1,23.5,0,0,0,SP,5
Breakfast,"Sunday, February 3, 2019",115, $268.00 ,1,23.5,0,0,0,SP,5
Dinner,"Saturday, February 2, 2019",459," $1,535.00 ",7,9.5,0.06,0.6,0,SP,4
Lunch,"Saturday, February 2, 2019",445," $1,530.00 ",7,9.5,0.06,0.6,0,SP,4
Breakfast,"Saturday, February 2, 2019",113, $282.00 ,7,9.5,0.06,0.6,0,SP,4
Lunch,"Friday, February 1, 2019",481," $1,682.00 ",6,3,0,0,0,SP,4
Dinner,"Friday, February 1, 2019",443," $1,568.00 ",6,3,0,0,0,SP,4
Breakfast,"Friday, February 1, 2019",300, $673.00 ,6,3,0,0,0,SP,4
Dinner,"Thursday, January 31, 2019",523," $1,795.00 ",5,5,0.01,0.2,0,SP,4
Lunch,"Thursday, January 31, 2019",483," $1,739.00 ",5,5,0.01,0.2,0,SP,4
Breakfast,"Thursday, January 31, 2019",116, $281.00 ,5,5,0.01,0.2,0,SP,4
Dinner,"Wednesday, January 30, 2019",583," $2,072.00 ",4,18,0.06,1.6,0,SP,4
Lunch,"Wednesday, January 30, 2019",503," $1,759.00 ",4,18,0.06,1.6,0,SP,4
Breakfast,"Wednesday, January 30, 2019",322, $724.00 ,4,18,0.06,1.6,0,SP,4
Dinner,"Tuesday, January 29, 2019",658," $2,145.00 ",3,19,0.03,0.3,0,SP,4
Lunch,"Tuesday, January 29, 2019",480," $1,646.00 ",3,19,0.03,0.3,0,SP,4
Breakfast,"Tuesday, January 29, 2019",283, $655.00 ,3,19,0.03,0.3,0,SP,4
Dinner,"Monday, January 28, 2019",656," $2,194.00 ",2,21,0.06,0.8,0,SP,4
Lunch,"Monday, January 28, 2019",495," $1,728.00 ",2,21,0.06,0.8,0,SP,4
Breakfast,"Monday, January 28, 2019",316, $674.00 ,2,21,0.06,0.8,0,SP,4
Dinner,"Sunday, January 27, 2019",684," $2,475.00 ",1,20.5,0,0,0,SP,4
Lunch,"Sunday, January 27, 2019",475," $1,515.00 ",1,20.5,0,0,0,SP,4
Breakfast,"Sunday, January 27, 2019",84, $196.00 ,1,20.5,0,0,0,SP,4
Dinner,"Saturday, January 26, 2019",495," $1,747.00 ",7,20,0,0,0,SP,3
Lunch,"Saturday, January 26, 2019",427," $1,441.00 ",7,20,0,0,0,SP,3
Breakfast,"Saturday, January 26, 2019",129, $326.00 ,7,20,0,0,0,SP,3
Lunch,"Friday, January 25, 2019",499," $1,790.00 ",6,33.5,0.22,0,0,SP,3
Dinner,"Friday, January 25, 2019",492," $1,739.00 ",6,33.5,0.22,0,0,SP,3
Breakfast,"Friday, January 25, 2019",313, $739.00 ,6,33.5,0.22,0,0,SP,3
Dinner,"Thursday, January 24, 2019",563," $1,972.00 ",5,35.5,1,0,0,SP,3
Lunch,"Thursday, January 24, 2019",494," $1,732.00 ",5,35.5,1,0,0,SP,3
Breakfast,"Thursday, January 24, 2019",297, $699.00 ,5,35.5,1,0,0,SP,3
Dinner,"Wednesday, January 23, 2019",589," $2,096.00 ",4,14.5,0,0,0,SP,3
Lunch,"Wednesday, January 23, 2019",422," $1,490.00 ",4,14.5,0,0,0,SP,3
Breakfast,"Wednesday, January 23, 2019",326, $741.00 ,4,14.5,0,0,0,SP,3
Dinner,"Tuesday, January 22, 2019",652," $2,268.00 ",3,4.5,0,0,0,SP,3
Lunch,"Tuesday, January 22, 2019",460," $1,578.00 ",3,4.5,0,0,0,SP,3
Breakfast,"Tuesday, January 22, 2019",307, $760.00 ,3,4.5,0,0,0,SP,3
Dinner,"Monday, January 21, 2019",581," $1,979.00 ",2,16,0,0,0,SP,3
Lunch,"Monday, January 21, 2019",477," $1,633.00 ",2,16,0,0,0,SP,3
Breakfast,"Monday, January 21, 2019",129, $286.00 ,2,16,0,0,0,SP,3
Dinner,"Sunday, January 20, 2019",517," $1,837.00 ",1,30.5,1.05,7,1,SP,3
Lunch,"Sunday, January 20, 2019",448," $1,549.00 ",1,30.5,1.05,7,1,SP,3
Breakfast,"Sunday, January 20, 2019",79, $185.00 ,1,30.5,1.05,7,1,SP,3
Lunch,"Saturday, January 19, 2019",471," $1,651.00 ",7,30,0,0,0,SP,2
Dinner,"Saturday, January 19, 2019",377," $1,405.00 ",7,30,0,0,0,SP,2
Breakfast,"Saturday, January 19, 2019",115, $280.00 ,7,30,0,0,0,SP,2
Lunch,"Friday, January 18, 2019",483," $1,714.00 ",6,24.5,0.04,0.6,0,SP,2
Dinner,"Friday, January 18, 2019",437," $1,474.00 ",6,24.5,0.04,0.6,0,SP,2
Breakfast,"Friday, January 18, 2019",311, $719.00 ,6,24.5,0.04,0.6,0,SP,2
Dinner,"Thursday, January 17, 2019",564," $1,907.00 ",5,25,0,0,0,SP,2
Lunch,"Thursday, January 17, 2019",512," $1,789.00 ",5,25,0,0,0,SP,2
Breakfast,"Thursday, January 17, 2019",319, $713.00 ,5,25,0,0,0,SP,2
Dinner,"Wednesday, January 16, 2019",598," $2,079.00 ",4,27.5,0,0,0,SP,2
Lunch,"Wednesday, January 16, 2019",483," $1,615.00 ",4,27.5,0,0,0,SP,2
Breakfast,"Wednesday, January 16, 2019",308, $718.00 ,4,27.5,0,0,0,SP,2
Dinner,"Tuesday, January 15, 2019",657," $2,280.00 ",3,25,0,0,0,SP,2
Lunch,"Tuesday, January 15, 2019",453," $1,602.00 ",3,25,0,0,0,SP,2
Breakfast,"Tuesday, January 15, 2019",270, $631.00 ,3,25,0,0,0,SP,2
Dinner,"Monday, January 14, 2019",588," $2,047.00 ",2,21,0.01,0.1,0,SP,2
Lunch,"Monday, January 14, 2019",399," $1,459.00 ",2,21,0.01,0.1,0,SP,2
Breakfast,"Monday, January 14, 2019",309, $647.00 ,2,21,0.01,0.1,0,SP,2
Dinner,"Sunday, January 13, 2019",668," $2,294.00 ",1,23.5,0.14,1,0,SP,2
Lunch,"Sunday, January 13, 2019",462," $1,614.00 ",1,23.5,0.14,1,0,SP,2
Breakfast,"Sunday, January 13, 2019",99, $220.00 ,1,23.5,0.14,1,0,SP,2
Dinner,"Saturday, January 12, 2019",569," $2,009.00 ",7,23.5,0,0,0,SP,1
Lunch,"Saturday, January 12, 2019",457," $1,583.00 ",7,23.5,0,0,0,SP,1
Breakfast,"Saturday, January 12, 2019",114, $277.00 ,7,23.5,0,0,0,SP,1
Lunch,"Friday, January 11, 2019",491," $1,697.00 ",6,24,0,0,0,SP,1
Dinner,"Friday, January 11, 2019",466," $1,613.00 ",6,24,0,0,0,SP,1
Breakfast,"Friday, January 11, 2019",290, $658.00 ,6,24,0,0,0,SP,1
Dinner,"Thursday, January 10, 2019",549," $1,904.00 ",5,29.5,0,0,0,SP,1
Lunch,"Thursday, January 10, 2019",471," $1,571.00 ",5,29.5,0,0,0,SP,1
Breakfast,"Thursday, January 10, 2019",307, $728.00 ,5,29.5,0,0,0,SP,1
Dinner,"Wednesday, January 9, 2019",525," $1,740.00 ",4,38.5,0.31,0,1,SP,1
Lunch,"Wednesday, January 9, 2019",439," $1,444.00 ",4,38.5,0.31,0,1,SP,1
Breakfast,"Wednesday, January 9, 2019",331, $716.00 ,4,38.5,0.31,0,1,SP,1
Dinner,"Tuesday, January 8, 2019",542," $1,814.00 ",3,29.5,0.08,0,1,SP,1
Lunch,"Tuesday, January 8, 2019",465," $1,619.00 ",3,29.5,0.08,0,1,SP,1
Breakfast,"Tuesday, January 8, 2019",278, $627.00 ,3,29.5,0.08,0,1,SP,1
Dinner,"Monday, January 7, 2019",534," $1,771.00 ",2,34,0,0,0,SP,1
Lunch,"Monday, January 7, 2019",431," $1,425.00 ",2,34,0,0,0,SP,1
Breakfast,"Monday, January 7, 2019",323, $646.00 ,2,34,0,0,0,SP,1
Lunch,"Thursday, December 13, 2018",393," $1,348.00 ",5,33,0,0,0,FA,16
Dinner,"Thursday, December 13, 2018",375," $1,290.00 ",5,33,0,0,0,FA,16
Breakfast,"Thursday, December 13, 2018",277, $587.00 ,5,33,0,0,0,FA,16
Dinner,"Wednesday, December 12, 2018",532," $1,862.00 ",4,27,0,0,0,FA,16
Lunch,"Wednesday, December 12, 2018",473," $1,640.00 ",4,27,0,0,0,FA,16
Breakfast,"Wednesday, December 12, 2018",287, $674.00 ,4,27,0,0,0,FA,16
Dinner,"Tuesday, December 11, 2018",636," $2,255.00 ",3,24,0,0,0,FA,16
Lunch,"Tuesday, December 11, 2018",542," $1,894.00 ",3,24,0,0,0,FA,16
Breakfast,"Tuesday, December 11, 2018",274, $603.00 ,3,24,0,0,0,FA,16
Dinner,"Monday, December 10, 2018",632," $2,360.00 ",2,22,0,0,0,FA,16
Lunch,"Monday, December 10, 2018",541," $1,950.00 ",2,22,0,0,0,FA,16
Breakfast,"Monday, December 10, 2018",323, $720.00 ,2,22,0,0,0,FA,16
Dinner,"Sunday, December 9, 2018",605," $2,249.00 ",1,23,0,0,0,FA,16
Lunch,"Sunday, December 9, 2018",547," $1,910.00 ",1,23,0,0,0,FA,16
Breakfast,"Sunday, December 9, 2018",129, $298.00 ,1,23,0,0,0,FA,16
Dinner,"Saturday, December 8, 2018",543," $1,959.00 ",7,27,0,0,0,FA,15
Lunch,"Saturday, December 8, 2018",497," $1,687.00 ",7,27,0,0,0,FA,15
Breakfast,"Saturday, December 8, 2018",159, $383.00 ,7,27,0,0,0,FA,15
Dinner,"Friday, December 7, 2018",470," $1,694.00 ",6,30.5,0,0,0,FA,15
Lunch,"Friday, December 7, 2018",472," $1,674.00 ",6,30.5,0,0,0,FA,15
Breakfast,"Friday, December 7, 2018",297, $712.00 ,6,30.5,0,0,0,FA,15
Dinner,"Thursday, December 6, 2018",609," $2,110.00 ",5,28.5,0,0,0,FA,15
Lunch,"Thursday, December 6, 2018",538," $1,780.00 ",5,28.5,0,0,0,FA,15
Breakfast,"Thursday, December 6, 2018",276, $617.00 ,5,28.5,0,0,0,FA,15
Dinner,"Wednesday, December 5, 2018",654," $2,321.00 ",4,27.5,0,0,0,FA,15
Lunch,"Wednesday, December 5, 2018",500," $1,731.00 ",4,27.5,0,0,0,FA,15
Breakfast,"Wednesday, December 5, 2018",319, $705.00 ,4,27.5,0,0,0,FA,15
Dinner,"Tuesday, December 4, 2018",606," $1,995.00 ",3,38.5,0.01,0,0,FA,15
Lunch,"Tuesday, December 4, 2018",513," $1,807.00 ",3,38.5,0.01,0,0,FA,15
Breakfast,"Tuesday, December 4, 2018",296, $674.00 ,3,38.5,0.01,0,0,FA,15
Dinner,"Monday, December 3, 2018",641," $2,239.00 ",2,44,0.01,0,0,FA,15
Lunch,"Monday, December 3, 2018",520," $1,778.00 ",2,44,0.01,0,0,FA,15
Breakfast,"Monday, December 3, 2018",306, $708.00 ,2,44,0.01,0,0,FA,15
Dinner,"Sunday, December 2, 2018",648," $2,170.00 ",1,36.5,0.59,0,0,FA,15
Lunch,"Sunday, December 2, 2018",461," $1,567.00 ",1,36.5,0.59,0,0,FA,15
Breakfast,"Sunday, December 2, 2018",86, $245.00 ,1,36.5,0.59,0,0,FA,15
Dinner,"Saturday, December 1, 2018",514," $1,824.00 ",7,33.5,0,0,0,FA,14
Lunch,"Saturday, December 1, 2018",424," $1,553.00 ",7,33.5,0,0,0,FA,14
Breakfast,"Saturday, December 1, 2018",86, $204.00 ,7,33.5,0,0,0,FA,14
Lunch,"Friday, November 30, 2018",501," $1,753.00 ",6,28.5,0,0,0,FA,14
Dinner,"Friday, November 30, 2018",441," $1,542.00 ",6,28.5,0,0,0,FA,14
Breakfast,"Friday, November 30, 2018",306, $642.00 ,6,28.5,0,0,0,FA,14
Dinner,"Thursday, November 29, 2018",639," $2,264.00 ",5,27,0,0,0,FA,14
Lunch,"Thursday, November 29, 2018",475," $1,695.00 ",5,27,0,0,0,FA,14
Breakfast,"Thursday, November 29, 2018",302, $682.00 ,5,27,0,0,0,FA,14
Dinner,"Wednesday, November 28, 2018",648," $2,186.00 ",4,29.5,0,0,0,FA,14
Lunch,"Wednesday, November 28, 2018",485," $1,656.00 ",4,29.5,0,0,0,FA,14
Breakfast,"Wednesday, November 28, 2018",293, $651.00 ,4,29.5,0,0,0,FA,14
Dinner,"Tuesday, November 27, 2018",661," $2,303.00 ",3,39.5,0.46,0,0,FA,14
Lunch,"Tuesday, November 27, 2018",526," $1,756.00 ",3,39.5,0.46,0,0,FA,14
Breakfast,"Tuesday, November 27, 2018",357, $847.00 ,3,39.5,0.46,0,0,FA,14
Dinner,"Monday, November 26, 2018",648," $2,223.00 ",2,40.5,0,0,0,FA,14
Lunch,"Monday, November 26, 2018",484," $1,667.00 ",2,40.5,0,0,0,FA,14
Breakfast,"Monday, November 26, 2018",267, $591.00 ,2,40.5,0,0,0,FA,14
Dinner,"Sunday, November 25, 2018",544," $1,852.00 ",1,32.5,0.51,0,1,FA,14
Lunch,"Sunday, November 25, 2018",251, $941.00 ,1,32.5,0.51,0,1,FA,14
Breakfast,"Sunday, November 25, 2018",30, $67.00 ,1,32.5,0.51,0,1,FA,14
Breakfast,"Friday, November 16, 2018",11, $26.00 ,6,29,1.52,11.5,1,FA,13
Lunch,"Thursday, November 15, 2018",527," $1,866.00 ",5,30,0,0,0,FA,13
Dinner,"Thursday, November 15, 2018",288, $953.00 ,5,30,0,0,0,FA,13
Breakfast,"Thursday, November 15, 2018",385, $929.00 ,5,30,0,0,0,FA,13
Dinner,"Wednesday, November 14, 2018",628," $2,167.00 ",4,34,0,0,0,FA,13
Lunch,"Wednesday, November 14, 2018",514," $1,733.00 ",4,34,0,0,0,FA,13
Breakfast,"Wednesday, November 14, 2018",340, $755.00 ,4,34,0,0,0,FA,13
Dinner,"Tuesday, November 13, 2018",705," $2,366.00 ",3,34.5,0.52,0,1,FA,13
Lunch,"Tuesday, November 13, 2018",522," $1,851.00 ",3,34.5,0.52,0,1,FA,13
Breakfast,"Tuesday, November 13, 2018",361, $801.00 ,3,34.5,0.52,0,1,FA,13
Dinner,"Monday, November 12, 2018",678," $2,352.00 ",2,34,0,0,0,FA,13
Lunch,"Monday, November 12, 2018",509," $1,721.00 ",2,34,0,0,0,FA,13
Breakfast,"Monday, November 12, 2018",325, $758.00 ,2,34,0,0,0,FA,13
Dinner,"Sunday, November 11, 2018",64," $2,221.00 ",1,30.5,0,0,0,FA,13
Lunch,"Sunday, November 11, 2018",461," $1,674.00 ",1,30.5,0,0,0,FA,13
Breakfast,"Sunday, November 11, 2018",105, $248.00 ,1,30.5,0,0,0,FA,13
Dinner,"Saturday, November 10, 2018",479," $1,718.00 ",7,33.5,1.04,0.2,1,FA,12
Lunch,"Saturday, November 10, 2018",445," $1,544.00 ",7,33.5,1.04,0.2,1,FA,12
Breakfast,"Saturday, November 10, 2018",228, $569.00 ,7,33.5,1.04,0.2,1,FA,12
Dinner,"Friday, November 9, 2018",494," $1,750.00 ",6,40.5,0,0,1,FA,12
Lunch,"Friday, November 9, 2018",485," $1,672.00 ",6,40.5,0,0,1,FA,12
Breakfast,"Friday, November 9, 2018",286, $625.00 ,6,40.5,0,0,1,FA,12
Dinner,"Thursday, November 8, 2018",626," $2,131.00 ",5,44.5,0,0,0,FA,12
Lunch,"Thursday, November 8, 2018",506," $1,742.00 ",5,44.5,0,0,0,FA,12
Breakfast,"Thursday, November 8, 2018",351, $834.00 ,5,44.5,0,0,0,FA,12
Dinner,"Wednesday, November 7, 2018",709," $2,437.00 ",4,54.5,0.15,0,0,FA,12
Lunch,"Wednesday, November 7, 2018",517," $1,624.00 ",4,54.5,0.15,0,0,FA,12
Breakfast,"Wednesday, November 7, 2018",361, $817.00 ,4,54.5,0.15,0,0,FA,12
Dinner,"Tuesday, November 6, 2018",678," $2,361.00 ",3,49,0.3,0,0,FA,12
Lunch,"Tuesday, November 6, 2018",550," $1,950.00 ",3,49,0.3,0,0,FA,12
Breakfast,"Tuesday, November 6, 2018",322, $763.00 ,3,49,0.3,0,0,FA,12
Dinner,"Monday, November 5, 2018",677," $2,409.00 ",2,42,0.33,0,0,FA,12
Lunch,"Monday, November 5, 2018",546," $1,898.00 ",2,42,0.33,0,0,FA,12
Breakfast,"Monday, November 5, 2018",329, $778.00 ,2,42,0.33,0,0,FA,12
Dinner,"Sunday, November 4, 2018",616," $2,229.00 ",1,40,0,0,0,FA,12
Lunch,"Sunday, November 4, 2018",489," $1,670.00 ",1,40,0,0,0,FA,12
Breakfast,"Sunday, November 4, 2018",144, $369.00 ,1,40,0,0,0,FA,12
Dinner,"Saturday, November 3, 2018",452," $1,555.00 ",7,51,0.09,0,0,FA,11
Lunch,"Saturday, November 3, 2018",408," $1,283.00 ",7,51,0.09,0,0,FA,11
Breakfast,"Saturday, November 3, 2018",117, $292.00 ,7,51,0.09,0,0,FA,11
Lunch,"Friday, November 2, 2018",492," $1,644.00 ",6,57.5,0.12,0,0,FA,11
Dinner,"Friday, November 2, 2018",452," $1,558.00 ",6,57.5,0.12,0,0,FA,11
Breakfast,"Friday, November 2, 2018",314, $727.00 ,6,57.5,0.12,0,0,FA,11
Dinner,"Thursday, November 1, 2018",639," $2,276.00 ",5,53,0.12,0,0,FA,11
Lunch,"Thursday, November 1, 2018",527," $1,815.00 ",5,53,0.12,0,0,FA,11
Breakfast,"Thursday, November 1, 2018",332, $751.00 ,5,53,0.12,0,0,FA,11
Dinner,"Wednesday, October 31, 2018",577," $1,874.00 ",4,48,0,0,0,FA,11
Lunch,"Wednesday, October 31, 2018",442," $1,426.00 ",4,48,0,0,0,FA,11
Breakfast,"Wednesday, October 31, 2018",315, $743.00 ,4,48,0,0,0,FA,11
Dinner,"Tuesday, October 30, 2018",630," $2,043.00 ",3,43,0.03,0,0,FA,11
Lunch,"Tuesday, October 30, 2018",479," $1,604.00 ",3,43,0.03,0,0,FA,11
Breakfast,"Tuesday, October 30, 2018",361, $819.00 ,3,43,0.03,0,0,FA,11
Dinner,"Monday, October 29, 2018",609," $1,957.00 ",2,43,0.27,0,0,FA,11
Lunch,"Monday, October 29, 2018",448," $1,444.00 ",2,43,0.27,0,0,FA,11
Breakfast,"Monday, October 29, 2018",295, $719.00 ,2,43,0.27,0,0,FA,11
Dinner,"Sunday, October 28, 2018",616," $2,047.00 ",1,40.5,0.72,0,0,FA,11
Lunch,"Sunday, October 28, 2018",392," $1,370.00 ",1,40.5,0.72,0,0,FA,11
Breakfast,"Sunday, October 28, 2018",96, $251.00 ,1,40.5,0.72,0,0,FA,11
Dinner,"Saturday, October 27, 2018",454," $1,528.00 ",7,40.5,0.73,0,0,FA,10
Lunch,"Saturday, October 27, 2018",383," $1,191.00 ",7,40.5,0.73,0,0,FA,10
Breakfast,"Saturday, October 27, 2018",114, $308.00 ,7,40.5,0.73,0,0,FA,10
Dinner,"Friday, October 26, 2018",433," $1,517.00 ",6,40,0,0,0,FA,10
Lunch,"Friday, October 26, 2018",460," $1,465.00 ",6,40,0,0,0,FA,10
Breakfast,"Friday, October 26, 2018",324, $787.00 ,6,40,0,0,0,FA,10
Dinner,"Thursday, October 25, 2018",620," $2,000.00 ",5,41,0,0,0,FA,10
Lunch,"Thursday, October 25, 2018",480," $1,568.00 ",5,41,0,0,0,FA,10
Breakfast,"Thursday, October 25, 2018",332, $795.00 ,5,41,0,0,0,FA,10
Dinner,"Wednesday, October 24, 2018",659," $2,053.00 ",4,49,0,0,0,FA,10
Lunch,"Wednesday, October 24, 2018",457," $1,488.00 ",4,49,0,0,0,FA,10
Breakfast,"Wednesday, October 24, 2018",322, $700.00 ,4,49,0,0,0,FA,10
Dinner,"Tuesday, October 23, 2018",654," $2,138.00 ",3,45.5,0,0,0,FA,10
Lunch,"Tuesday, October 23, 2018",501," $1,625.00 ",3,45.5,0,0,0,FA,10
Breakfast,"Tuesday, October 23, 2018",343, $806.00 ,3,45.5,0,0,0,FA,10
Dinner,"Monday, October 22, 2018",626," $1,976.00 ",2,38.5,0,0,0,FA,10
Lunch,"Monday, October 22, 2018",499," $1,614.00 ",2,38.5,0,0,0,FA,10
Breakfast,"Monday, October 22, 2018",329, $731.00 ,2,38.5,0,0,0,FA,10
Dinner,"Sunday, October 21, 2018",566," $1,777.00 ",1,45.5,0.36,0,1,FA,10
Lunch,"Sunday, October 21, 2018",374," $1,256.00 ",1,45.5,0.36,0,1,FA,10
Breakfast,"Sunday, October 21, 2018",112, $268.00 ,1,45.5,0.36,0,1,FA,10
Lunch,"Saturday, October 20, 2018",313," $1,106.00 ",7,46,0.03,0,0,FA,9
Dinner,"Saturday, October 20, 2018",316," $1,104.00 ",7,46,0.03,0,0,FA,9
Breakfast,"Saturday, October 20, 2018",94, $224.00 ,7,46,0.03,0,0,FA,9
Lunch,"Friday, October 19, 2018",480," $1,575.00 ",6,42.5,0,0,0,FA,9
Dinner,"Friday, October 19, 2018",374," $1,181.00 ",6,42.5,0,0,0,FA,9
Breakfast,"Friday, October 19, 2018",325, $713.00 ,6,42.5,0,0,0,FA,9
Dinner,"Thursday, October 18, 2018",606," $1,964.00 ",5,45.5,0.01,0,0,FA,9
Lunch,"Thursday, October 18, 2018",480," $1,553.00 ",5,45.5,0.01,0,0,FA,9
Breakfast,"Thursday, October 18, 2018",348, $769.00 ,5,45.5,0.01,0,0,FA,9
Dinner,"Wednesday, October 17, 2018",679," $2,219.00 ",4,46,0,0,0,FA,9
Lunch,"Wednesday, October 17, 2018",458," $1,487.00 ",4,46,0,0,0,FA,9
Breakfast,"Wednesday, October 17, 2018",355, $813.00 ,4,46,0,0,0,FA,9
Dinner,"Tuesday, October 16, 2018",602," $2,003.00 ",3,51.5,0.07,0,0,FA,9
Lunch,"Tuesday, October 16, 2018",523," $1,678.00 ",3,51.5,0.07,0,0,FA,9
Breakfast,"Tuesday, October 16, 2018",370, $824.00 ,3,51.5,0.07,0,0,FA,9
Dinner,"Monday, October 15, 2018",629," $2,093.00 ",2,46.5,0.02,0,0,FA,9
Lunch,"Monday, October 15, 2018",511," $1,639.00 ",2,46.5,0.02,0,0,FA,9
Breakfast,"Monday, October 15, 2018",319, $723.00 ,2,46.5,0.02,0,0,FA,9
Dinner,"Sunday, October 14, 2018",622," $2,118.00 ",1,45.5,0.02,0,0,FA,9
Lunch,"Sunday, October 14, 2018",458," $1,585.00 ",1,45.5,0.02,0,0,FA,9
Breakfast,"Sunday, October 14, 2018",92, $213.00 ,1,45.5,0.02,0,0,FA,9
Dinner,"Saturday, October 13, 2018",434," $1,536.00 ",7,46.5,0.26,0,0,FA,8
Lunch,"Saturday, October 13, 2018",394," $1,444.00 ",7,46.5,0.26,0,0,FA,8
Breakfast,"Saturday, October 13, 2018",177, $476.00 ,7,46.5,0.26,0,0,FA,8
Dinner,"Friday, October 12, 2018",489," $1,635.00 ",6,59.5,0.13,0,0,FA,8
Lunch,"Friday, October 12, 2018",478," $1,556.00 ",6,59.5,0.13,0,0,FA,8
Breakfast,"Friday, October 12, 2018",361, $844.00 ,6,59.5,0.13,0,0,FA,8
Dinner,"Thursday, October 11, 2018",644," $2,221.00 ",5,74.5,0.33,0,0,FA,8
Lunch,"Thursday, October 11, 2018",461," $1,674.00 ",5,74.5,0.33,0,0,FA,8
Breakfast,"Thursday, October 11, 2018",105, $248.00 ,5,74.5,0.33,0,0,FA,8
Dinner,"Wednesday, October 10, 2018",657," $2,074.00 ",4,75,0,0,0,FA,8
Lunch,"Wednesday, October 10, 2018",515," $1,586.00 ",4,75,0,0,0,FA,8
Breakfast,"Wednesday, October 10, 2018",367, $781.00 ,4,75,0,0,0,FA,8
Dinner,"Tuesday, October 9, 2018",631," $2,129.00 ",3,72.5,0,0,0,FA,8
Lunch,"Tuesday, October 9, 2018",535," $1,794.00 ",3,72.5,0,0,0,FA,8
Breakfast,"Tuesday, October 9, 2018",361, $813.00 ,3,72.5,0,0,0,FA,8
Dinner,"Monday, October 8, 2018",650," $2,158.00 ",2,74.5,0,0,0,FA,8
Lunch,"Monday, October 8, 2018",496," $1,682.00 ",2,74.5,0,0,0,FA,8
Breakfast,"Monday, October 8, 2018",298, $661.00 ,2,74.5,0,0,0,FA,8
Dinner,"Sunday, October 7, 2018",618," $1,958.00 ",1,69,0.15,0,0,FA,8
Lunch,"Sunday, October 7, 2018",423," $1,416.00 ",1,69,0.15,0,0,FA,8
Breakfast,"Sunday, October 7, 2018",88, $198.00 ,1,69,0.15,0,0,FA,8
Dinner,"Saturday, October 6, 2018",409," $1,429.00 ",7,57,0.02,0,0,FA,7
Lunch,"Saturday, October 6, 2018",372," $1,292.00 ",7,57,0.02,0,0,FA,7
Breakfast,"Saturday, October 6, 2018",93, $208.00 ,7,57,0.02,0,0,FA,7
Lunch,"Friday, October 5, 2018",523," $1,784.00 ",6,62.5,0.21,0,0,FA,7
Dinner,"Friday, October 5, 2018",485," $1,721.00 ",6,62.5,0.21,0,0,FA,7
Breakfast,"Friday, October 5, 2018",338, $795.00 ,6,62.5,0.21,0,0,FA,7
Dinner,"Thursday, October 4, 2018",674," $2,209.00 ",5,66.5,0,0,0,FA,7
Lunch,"Thursday, October 4, 2018",518," $1,890.00 ",5,66.5,0,0,0,FA,7
Breakfast,"Thursday, October 4, 2018",339, $756.00 ,5,66.5,0,0,0,FA,7
Dinner,"Wednesday, October 3, 2018",629," $2,208.00 ",4,69,0.91,0,1,FA,7
Lunch,"Wednesday, October 3, 2018",512," $1,785.00 ",4,69,0.91,0,1,FA,7
Breakfast,"Wednesday, October 3, 2018",347, $832.00 ,4,69,0.91,0,1,FA,7
Dinner,"Tuesday, October 2, 2018",682," $2,393.00 ",3,66,0,0,0,FA,7
Lunch,"Tuesday, October 2, 2018",340," $1,258.00 ",3,66,0,0,0,FA,7
Breakfast,"Tuesday, October 2, 2018",323, $755.00 ,3,66,0,0,0,FA,7
Dinner,"Monday, October 1, 2018",574," $2,154.00 ",2,56.5,0,0,0,FA,7
Lunch,"Monday, October 1, 2018",444," $1,652.00 ",2,56.5,0,0,0,FA,7
Breakfast,"Monday, October 1, 2018",341, $832.00 ,2,56.5,0,0,0,FA,7
Dinner,"Sunday, September 30, 2018",631," $2,224.00 ",1,54,0,0,0,FA,7
Lunch,"Sunday, September 30, 2018",508," $1,915.00 ",1,54,0,0,0,FA,7
Breakfast,"Sunday, September 30, 2018",103, $235.00 ,1,54,0,0,0,FA,7
Lunch,"Saturday, September 29, 2018",441," $1,566.00 ",7,58.5,0,0,0,FA,6
Dinner,"Saturday, September 29, 2018",330," $1,275.00 ",7,58.5,0,0,0,FA,6
Breakfast,"Saturday, September 29, 2018",212, $504.00 ,7,58.5,0,0,0,FA,6
Dinner,"Friday, September 28, 2018",576," $2,116.00 ",6,56.5,0.53,0,0,FA,6
Lunch,"Friday, September 28, 2018",492," $1,716.00 ",6,56.5,0.53,0,0,FA,6
Breakfast,"Friday, September 28, 2018",326, $753.00 ,6,56.5,0.53,0,0,FA,6
Dinner,"Thursday, September 27, 2018",724," $2,534.00 ",5,64.5,0.14,0,0,FA,6
Lunch,"Thursday, September 27, 2018",535," $1,827.00 ",5,64.5,0.14,0,0,FA,6
Breakfast,"Thursday, September 27, 2018",359, $841.00 ,5,64.5,0.14,0,0,FA,6
Dinner,"Wednesday, September 26, 2018",727," $2,552.00 ",4,63.5,0.42,0,0,FA,6
Lunch,"Wednesday, September 26, 2018",524," $1,753.00 ",4,63.5,0.42,0,0,FA,6
Breakfast,"Wednesday, September 26, 2018",339, $775.00 ,4,63.5,0.42,0,0,FA,6
Dinner,"Tuesday, September 25, 2018",720," $2,424.00 ",3,58.5,0.67,0,0,FA,6
Lunch,"Tuesday, September 25, 2018",460," $1,636.00 ",3,58.5,0.67,0,0,FA,6
Breakfast,"Tuesday, September 25, 2018",340, $792.00 ,3,58.5,0.67,0,0,FA,6
Dinner,"Monday, September 24, 2018",733," $2,512.00 ",2,57.5,0,0,0,FA,6
Lunch,"Monday, September 24, 2018",543," $1,867.00 ",2,57.5,0,0,0,FA,6
Breakfast,"Monday, September 24, 2018",336, $753.00 ,2,57.5,0,0,0,FA,6
Dinner,"Sunday, September 23, 2018",676," $2,389.00 ",1,57,0,0,0,FA,6
Lunch,"Sunday, September 23, 2018",446," $1,574.00 ",1,57,0,0,0,FA,6
Breakfast,"Sunday, September 23, 2018",107, $249.00 ,1,57,0,0,0,FA,6
Dinner,"Saturday, September 22, 2018",516," $1,815.00 ",7,69,0.02,0,0,FA,5
Lunch,"Saturday, September 22, 2018",440," $1,532.00 ",7,69,0.02,0,0,FA,5
Breakfast,"Saturday, September 22, 2018",126, $308.00 ,7,69,0.02,0,0,FA,5
Lunch,"Friday, September 21, 2018",539," $1,835.00 ",6,69,0,0,0,FA,5
Dinner,"Friday, September 21, 2018",475," $1,700.00 ",6,69,0,0,0,FA,5
Breakfast,"Friday, September 21, 2018",344, $774.00 ,6,69,0,0,0,FA,5
Dinner,"Thursday, September 20, 2018",693," $2,404.00 ",5,69.5,0,0,0,FA,5
Lunch,"Thursday, September 20, 2018",495," $1,772.00 ",5,69.5,0,0,0,FA,5
Breakfast,"Thursday, September 20, 2018",366, $817.00 ,5,69.5,0,0,0,FA,5
Dinner,"Wednesday, September 19, 2018",684," $2,421.00 ",4,72,0,0,0,FA,5
Lunch,"Wednesday, September 19, 2018",533," $1,907.00 ",4,72,0,0,0,FA,5
Breakfast,"Wednesday, September 19, 2018",344, $750.00 ,4,72,0,0,0,FA,5
Dinner,"Tuesday, September 18, 2018",540," $1,966.00 ",3,68.5,0.94,0,0,FA,5
Lunch,"Tuesday, September 18, 2018",508," $1,801.00 ",3,68.5,0.94,0,0,FA,5
Breakfast,"Tuesday, September 18, 2018",375, $943.00 ,3,68.5,0.94,0,0,FA,5
Dinner,"Monday, September 17, 2018",661," $2,424.00 ",2,71.5,0,0,0,FA,5
Lunch,"Monday, September 17, 2018",521," $1,890.00 ",2,71.5,0,0,0,FA,5
Breakfast,"Monday, September 17, 2018",316, $710.00 ,2,71.5,0,0,0,FA,5
Dinner,"Sunday, September 16, 2018",597," $2,172.00 ",1,70.5,0,0,0,FA,5
Lunch,"Sunday, September 16, 2018",495," $1,835.00 ",1,70.5,0,0,0,FA,5
Breakfast,"Sunday, September 16, 2018",128, $293.00 ,1,70.5,0,0,0,FA,5
Dinner,"Saturday, September 15, 2018",525," $1,965.00 ",7,71.5,0,0,0,FA,4
Lunch,"Saturday, September 15, 2018",407," $1,566.00 ",7,71.5,0,0,0,FA,4
Breakfast,"Saturday, September 15, 2018",234, $547.00 ,7,71.5,0,0,0,FA,4
Lunch,"Friday, September 14, 2018",527," $1,939.00 ",6,73.5,0.01,0,0,FA,4
Dinner,"Friday, September 14, 2018",473," $1,740.00 ",6,73.5,0.01,0,0,FA,4
Breakfast,"Friday, September 14, 2018",333, $790.00 ,6,73.5,0.01,0,0,FA,4
Dinner,"Thursday, September 13, 2018",686," $2,421.00 ",5,67,0.03,0,0,FA,4
Lunch,"Thursday, September 13, 2018",547," $2,054.00 ",5,67,0.03,0,0,FA,4
Breakfast,"Thursday, September 13, 2018",336, $792.00 ,5,67,0.03,0,0,FA,4
Dinner,"Wednesday, September 12, 2018",647," $2,170.00 ",4,64,0.03,0,0,FA,4
Lunch,"Wednesday, September 12, 2018",501," $1,683.00 ",4,64,0.03,0,0,FA,4
Breakfast,"Wednesday, September 12, 2018",358, $787.00 ,4,64,0.03,0,0,FA,4
Dinner,"Tuesday, September 11, 2018",706," $2,508.00 ",3,55.5,2.35,0,0,FA,4
Lunch,"Tuesday, September 11, 2018",501," $1,714.00 ",3,55.5,2.35,0,0,FA,4
Breakfast,"Tuesday, September 11, 2018",348, $815.00 ,3,55.5,2.35,0,0,FA,4
Dinner,"Monday, September 10, 2018",629," $2,266.00 ",2,53,2.36,0,0,FA,4
Lunch,"Monday, September 10, 2018",479," $1,699.00 ",2,53,2.36,0,0,FA,4
Breakfast,"Monday, September 10, 2018",288, $655.00 ,2,53,2.36,0,0,FA,4
Dinner,"Sunday, September 9, 2018",601," $2,082.00 ",1,57.5,0.98,0,0,FA,4
Lunch,"Sunday, September 9, 2018",457," $1,660.00 ",1,57.5,0.98,0,0,FA,4
Breakfast,"Sunday, September 9, 2018",87, $192.00 ,1,57.5,0.98,0,0,FA,4
Dinner,"Saturday, September 8, 2018",482," $1,737.00 ",7,68,0.15,0,0,FA,3
Lunch,"Saturday, September 8, 2018",436," $1,574.00 ",7,68,0.15,0,0,FA,3
Breakfast,"Saturday, September 8, 2018",125, $308.00 ,7,68,0.15,0,0,FA,3
Lunch,"Friday, September 7, 2018",475," $1,685.00 ",6,77,0.11,0,0,FA,3
Dinner,"Friday, September 7, 2018",454," $1,682.00 ",6,77,0.11,0,0,FA,3
Breakfast,"Friday, September 7, 2018",354, $792.00 ,6,77,0.11,0,0,FA,3
Dinner,"Thursday, September 6, 2018",645," $2,238.00 ",5,81,0,0,0,FA,3
Lunch,"Thursday, September 6, 2018",506," $1,826.00 ",5,81,0,0,0,FA,3
Breakfast,"Thursday, September 6, 2018",358, $834.00 ,5,81,0,0,0,FA,3
Dinner,"Wednesday, September 5, 2018",674," $2,286.00 ",4,78.5,0,0,0,FA,3
Lunch,"Wednesday, September 5, 2018",474," $1,602.00 ",4,78.5,0,0,0,FA,3
Breakfast,"Wednesday, September 5, 2018",311, $640.00 ,4,78.5,0,0,0,FA,3
Dinner,"Tuesday, September 4, 2018",548," $1,917.00 ",3,78,0,0,0,FA,3
Lunch,"Tuesday, September 4, 2018",512," $1,805.00 ",3,78,0,0,0,FA,3
Breakfast,"Tuesday, September 4, 2018",350, $783.00 ,3,78,0,0,0,FA,3
Dinner,"Monday, September 3, 2018",566," $2,054.00 ",2,76.5,0,0,0,FA,3
Lunch,"Monday, September 3, 2018",475," $1,698.00 ",2,76.5,0,0,0,FA,3
Breakfast,"Monday, September 3, 2018",116, $284.00 ,2,76.5,0,0,0,FA,3
Dinner,"Sunday, September 2, 2018",504," $1,816.00 ",1,71.5,0,0,0,FA,3
Lunch,"Sunday, September 2, 2018",407," $1,516.00 ",1,71.5,0,0,0,FA,3
Breakfast,"Sunday, September 2, 2018",67, $97.00 ,1,71.5,0,0,0,FA,3
Dinner,"Saturday, September 1, 2018",417," $1,572.00 ",7,70.5,0.25,0,0,FA,2
Lunch,"Saturday, September 1, 2018",280," $1,084.00 ",7,70.5,0.25,0,0,FA,2
Breakfast,"Saturday, September 1, 2018",220, $539.00 ,7,70.5,0.25,0,0,FA,2
Lunch,"Friday, August 31, 2018",486," $1,786.00 ",6,74,0.54,0,1,FA,2
Dinner,"Friday, August 31, 2018",465," $1,689.00 ",6,74,0.54,0,1,FA,2
Breakfast,"Friday, August 31, 2018",287, $681.00 ,6,74,0.54,0,1,FA,2
Dinner,"Thursday, August 30, 2018",606," $2,116.00 ",5,80,0,0,0,FA,2
Lunch,"Thursday, August 30, 2018",497," $1,768.00 ",5,80,0,0,0,FA,2
Breakfast,"Thursday, August 30, 2018",325, $737.00 ,5,80,0,0,0,FA,2
Dinner,"Wednesday, August 29, 2018",618," $2,188.00 ",4,80,0,0,0,FA,2
Lunch,"Wednesday, August 29, 2018",504," $1,795.00 ",4,80,0,0,0,FA,2
Breakfast,"Wednesday, August 29, 2018",334, $758.00 ,4,80,0,0,0,FA,2
Dinner,"Tuesday, August 28, 2018",619," $2,253.00 ",3,78.5,0,0,0,FA,2
Lunch,"Tuesday, August 28, 2018",485," $1,730.00 ",3,78.5,0,0,0,FA,2
Breakfast,"Tuesday, August 28, 2018",315, $719.00 ,3,78.5,0,0,0,FA,2
Dinner,"Monday, August 27, 2018",627," $2,239.00 ",2,71.5,0,0,0,FA,2
Lunch,"Monday, August 27, 2018",488," $1,705.00 ",2,71.5,0,0,0,FA,2
Breakfast,"Monday, August 27, 2018",294, $682.00 ,2,71.5,0,0,0,FA,2
Dinner,"Sunday, August 26, 2018",591," $2,083.00 ",1,68,0,0,0,FA,2
Lunch,"Sunday, August 26, 2018",480," $1,732.00 ",1,68,0,0,0,FA,2
Breakfast,"Sunday, August 26, 2018",117, $308.00 ,1,68,0,0,0,FA,2
Lunch,"Saturday, August 25, 2018",490," $1,768.00 ",7,67,0,0,0,FA,1
Dinner,"Saturday, August 25, 2018",471," $1,679.00 ",7,67,0,0,0,FA,1
Breakfast,"Saturday, August 25, 2018",133, $302.00 ,7,67,0,0,0,FA,1
Lunch,"Friday, August 24, 2018",484," $1,762.00 ",6,63.5,0,0,0,FA,1
Dinner,"Friday, August 24, 2018",448," $1,569.00 ",6,63.5,0,0,0,FA,1
Breakfast,"Friday, August 24, 2018",300, $731.00 ,6,63.5,0,0,0,FA,1
Dinner,"Thursday, August 23, 2018",593," $2,058.00 ",5,65.5,0,0,0,FA,1
Lunch,"Thursday, August 23, 2018",506," $1,895.00 ",5,65.5,0,0,0,FA,1
Breakfast,"Thursday, August 23, 2018",310, $713.00 ,5,65.5,0,0,0,FA,1
Dinner,"Wednesday, August 22, 2018",519," $1,865.00 ",4,69,0.29,0,1,FA,1
Lunch,"Wednesday, August 22, 2018",489," $1,745.00 ",4,69,0.29,0,1,FA,1
Breakfast,"Wednesday, August 22, 2018",310, $762.00 ,4,69,0.29,0,1,FA,1
Dinner,"Tuesday, August 21, 2018",502," $1,747.00 ",3,67.5,0.12,0,0,FA,1
Lunch,"Tuesday, August 21, 2018",461," $1,654.00 ",3,67.5,0.12,0,0,FA,1
Breakfast,"Tuesday, August 21, 2018",262, $687.00 ,3,67.5,0.12,0,0,FA,1
Dinner,"Monday, August 20, 2018",500," $1,819.00 ",2,66.5,0.05,0,0,FA,1
Lunch,"Monday, August 20, 2018",449," $1,620.00 ",2,66.5,0.05,0,0,FA,1
Breakfast,"Monday, August 20, 2018",300, $678.00 ,2,66.5,0.05,0,0,FA,1
Dinner,"Thursday, May 3, 2018",406," $1,443.00 ",5,74,0,0,0,SP,16
Lunch,"Thursday, May 3, 2018",352," $1,305.00 ",5,74,0,0,0,SP,16
Breakfast,"Thursday, May 3, 2018",329, $705.00 ,5,74,0,0,0,SP,16
Dinner,"Wednesday, May 2, 2018",495," $1,698.00 ",4,66,0,0,0,SP,16
Lunch,"Wednesday, May 2, 2018",500," $1,653.00 ",4,66,0,0,0,SP,16
Breakfast,"Wednesday, May 2, 2018",372, $803.00 ,4,66,0,0,0,SP,16
Dinner,"Tuesday, May 1, 2018",542," $1,822.00 ",3,52,0,0,0,SP,16
Lunch,"Tuesday, May 1, 2018",566," $1,805.00 ",3,52,0,0,0,SP,16
Breakfast,"Tuesday, May 1, 2018",336, $682.00 ,3,52,0,0,0,SP,16
Dinner,"Monday, April 30, 2018",583," $2,025.00 ",2,39.5,0,0,0,SP,16
Lunch,"Monday, April 30, 2018",520," $1,849.00 ",2,39.5,0,0,0,SP,16
Breakfast,"Monday, April 30, 2018",351, $742.00 ,2,39.5,0,0,0,SP,16
Dinner,"Sunday, April 29, 2018",658," $2,271.00 ",1,49,0.01,0,0,SP,16
Lunch,"Sunday, April 29, 2018",491," $1,764.00 ",1,49,0.01,0,0,SP,16
Breakfast,"Sunday, April 29, 2018",174, $415.00 ,1,49,0.01,0,0,SP,16
Lunch,"Saturday, April 28, 2018",483," $1,607.00 ",7,52,0.4,0,1,SP,15
Dinner,"Saturday, April 28, 2018",430," $1,528.00 ",7,52,0.4,0,1,SP,15
Breakfast,"Saturday, April 28, 2018",174, $412.00 ,7,52,0.4,0,1,SP,15
Dinner,"Friday, April 27, 2018",562," $1,925.00 ",6,52.5,0.01,0,0,SP,15
Lunch,"Friday, April 27, 2018",467," $1,586.00 ",6,52.5,0.01,0,0,SP,15
Breakfast,"Friday, April 27, 2018",317, $668.00 ,6,52.5,0.01,0,0,SP,15
Dinner,"Thursday, April 26, 2018",618," $2,077.00 ",5,50.5,0.01,0,0,SP,15
Lunch,"Thursday, April 26, 2018",468," $1,584.00 ",5,50.5,0.01,0,0,SP,15
Breakfast,"Thursday, April 26, 2018",359, $754.00 ,5,50.5,0.01,0,0,SP,15
Dinner,"Wednesday, April 25, 2018",599," $2,002.00 ",4,53.5,0.19,0,0,SP,15
Lunch,"Wednesday, April 25, 2018",482," $1,609.00 ",4,53.5,0.19,0,0,SP,15
Breakfast,"Wednesday, April 25, 2018",345, $728.00 ,4,53.5,0.19,0,0,SP,15
Dinner,"Tuesday, April 24, 2018",548," $1,923.00 ",3,56.5,0,0,0,SP,15
Lunch,"Tuesday, April 24, 2018",441," $1,457.00 ",3,56.5,0,0,0,SP,15
Breakfast,"Tuesday, April 24, 2018",357, $756.00 ,3,56.5,0,0,0,SP,15
Dinner,"Monday, April 23, 2018",601," $2,084.00 ",2,51,0,0,0,SP,15
Lunch,"Monday, April 23, 2018",524," $1,736.00 ",2,51,0,0,0,SP,15
Breakfast,"Monday, April 23, 2018",319, $653.00 ,2,51,0,0,0,SP,15
Dinner,"Sunday, April 22, 2018",633," $2,247.00 ",1,46.5,0,0,0,SP,15
Lunch,"Sunday, April 22, 2018",466," $1,549.00 ",1,46.5,0,0,0,SP,15
Breakfast,"Sunday, April 22, 2018",138, $355.00 ,1,46.5,0,0,0,SP,15
Dinner,"Saturday, April 21, 2018",524," $1,991.00 ",7,41.5,0,0,0,SP,14
Lunch,"Saturday, April 21, 2018",321," $1,091.00 ",7,41.5,0,0,0,SP,14
Breakfast,"Saturday, April 21, 2018",227, $545.00 ,7,41.5,0,0,0,SP,14
Dinner,"Friday, April 20, 2018",652," $2,357.00 ",6,35,0.09,0,0,SP,14
Lunch,"Friday, April 20, 2018",456," $1,471.00 ",6,35,0.09,0,0,SP,14
Breakfast,"Friday, April 20, 2018",316, $643.00 ,6,35,0.09,0,0,SP,14
Dinner,"Thursday, April 19, 2018",548," $1,846.00 ",5,42,0.1,0,0,SP,14
Lunch,"Thursday, April 19, 2018",504," $1,638.00 ",5,42,0.1,0,0,SP,14
Breakfast,"Thursday, April 19, 2018",333, $684.00 ,5,42,0.1,0,0,SP,14
Dinner,"Wednesday, April 18, 2018",615," $2,131.00 ",4,33.5,0.02,0,0,SP,14
Lunch,"Wednesday, April 18, 2018",478," $1,579.00 ",4,33.5,0.02,0,0,SP,14
Breakfast,"Wednesday, April 18, 2018",307, $625.00 ,4,33.5,0.02,0,0,SP,14
Dinner,"Tuesday, April 17, 2018",553," $1,925.00 ",3,37.5,0.21,0,0,SP,14
Lunch,"Tuesday, April 17, 2018",474," $1,689.00 ",3,37.5,0.21,0,0,SP,14
Breakfast,"Tuesday, April 17, 2018",364, $750.00 ,3,37.5,0.21,0,0,SP,14
Dinner,"Monday, April 16, 2018",619," $2,115.00 ",2,43.5,1.56,0,0,SP,14
Lunch,"Monday, April 16, 2018",464," $1,582.00 ",2,43.5,1.56,0,0,SP,14
Breakfast,"Monday, April 16, 2018",291, $593.00 ,2,43.5,1.56,0,0,SP,14
Dinner,"Sunday, April 15, 2018",639," $2,272.00 ",1,63.5,0,0,0,SP,14
Lunch,"Sunday, April 15, 2018",399," $1,342.00 ",1,63.5,0,0,0,SP,14
Breakfast,"Sunday, April 15, 2018",92, $205.00 ,1,63.5,0,0,0,SP,14
Dinner,"Saturday, April 14, 2018",426," $1,453.00 ",7,69.5,0,0,0,SP,13
Lunch,"Saturday, April 14, 2018",397," $1,383.00 ",7,69.5,0,0,0,SP,13
Breakfast,"Saturday, April 14, 2018",162, $367.00 ,7,69.5,0,0,0,SP,13
Dinner,"Friday, April 13, 2018",536," $1,808.00 ",6,56.5,0.03,0,0,SP,13
Lunch,"Friday, April 13, 2018",467," $1,535.00 ",6,56.5,0.03,0,0,SP,13
Breakfast,"Friday, April 13, 2018",338, $728.00 ,6,56.5,0.03,0,0,SP,13
Dinner,"Thursday, April 12, 2018",633," $2,147.00 ",5,39.5,0.05,0,0,SP,13
Lunch,"Thursday, April 12, 2018",482," $1,516.00 ",5,39.5,0.05,0,0,SP,13
Breakfast,"Thursday, April 12, 2018",318, $667.00 ,5,39.5,0.05,0,0,SP,13
Dinner,"Wednesday, April 11, 2018",649," $2,223.00 ",4,35.5,0,0,0,SP,13
Lunch,"Wednesday, April 11, 2018",460," $1,518.00 ",4,35.5,0,0,0,SP,13
Breakfast,"Wednesday, April 11, 2018",336, $685.00 ,4,35.5,0,0,0,SP,13
Dinner,"Tuesday, April 10, 2018",604," $2,033.00 ",3,33.5,0.04,1,0,SP,13
Lunch,"Tuesday, April 10, 2018",473," $1,671.00 ",3,33.5,0.04,1,0,SP,13
Breakfast,"Tuesday, April 10, 2018",369, $769.00 ,3,33.5,0.04,1,0,SP,13
Dinner,"Monday, April 9, 2018",624," $2,163.00 ",2,31.5,0,0,0,SP,13
Lunch,"Monday, April 9, 2018",435," $1,437.00 ",2,31.5,0,0,0,SP,13
Breakfast,"Monday, April 9, 2018",323, $637.00 ,2,31.5,0,0,0,SP,13
Dinner,"Sunday, April 8, 2018",629," $2,175.00 ",1,29.5,0,0,0,SP,13
Lunch,"Sunday, April 8, 2018",398," $1,373.00 ",1,29.5,0,0,0,SP,13
Breakfast,"Sunday, April 8, 2018",103, $234.00 ,1,29.5,0,0,0,SP,13
Dinner,"Saturday, April 7, 2018",423," $1,473.00 ",7,41,0.02,0,0,SP,12
Lunch,"Saturday, April 7, 2018",371," $1,229.00 ",7,41,0.02,0,0,SP,12
Breakfast,"Saturday, April 7, 2018",131, $290.00 ,7,41,0.02,0,0,SP,12
Dinner,"Friday, April 6, 2018",511," $1,793.00 ",6,33,0,0,0,SP,12
Lunch,"Friday, April 6, 2018",457," $1,548.00 ",6,33,0,0,0,SP,12
Breakfast,"Friday, April 6, 2018",306, $647.00 ,6,33,0,0,0,SP,12
Dinner,"Thursday, April 5, 2018",568," $1,927.00 ",5,39.5,0.03,0.1,0,SP,12
Lunch,"Thursday, April 5, 2018",461," $1,611.00 ",5,39.5,0.03,0.1,0,SP,12
Breakfast,"Thursday, April 5, 2018",326, $697.00 ,5,39.5,0.03,0.1,0,SP,12
Dinner,"Wednesday, April 4, 2018",652," $2,244.00 ",4,45,0.48,0,1,SP,12
Lunch,"Wednesday, April 4, 2018",476," $1,626.00 ",4,45,0.48,0,1,SP,12
Breakfast,"Wednesday, April 4, 2018",306, $640.00 ,4,45,0.48,0,1,SP,12
Dinner,"Tuesday, April 3, 2018",604," $2,005.00 ",3,38,0.06,0,0,SP,12
Lunch,"Tuesday, April 3, 2018",442," $1,501.00 ",3,38,0.06,0,0,SP,12
Breakfast,"Tuesday, April 3, 2018",382, $801.00 ,3,38,0.06,0,0,SP,12
Dinner,"Monday, April 2, 2018",624," $2,153.00 ",2,41,0.52,4.5,0,SP,12
Lunch,"Monday, April 2, 2018",422," $1,351.00 ",2,41,0.52,4.5,0,SP,12
Breakfast,"Monday, April 2, 2018",312, $635.00 ,2,41,0.52,4.5,0,SP,12
Dinner,"Sunday, April 1, 2018",513," $1,796.00 ",1,43,0.05,0,0,SP,12
Lunch,"Sunday, April 1, 2018",279, $928.00 ,1,43,0.05,0,0,SP,12
Breakfast,"Sunday, April 1, 2018",65, $146.00 ,1,43,0.05,0,0,SP,12
Dinner,"Saturday, March 31, 2018",309," $1,041.00 ",7,36,0.02,0,0,SP,11
Lunch,"Saturday, March 31, 2018",281, $910.00 ,7,36,0.02,0,0,SP,11
Breakfast,"Saturday, March 31, 2018",95, $229.00 ,7,36,0.02,0,0,SP,11
Dinner,"Friday, March 30, 2018",405," $1,442.00 ",6,51,0.25,0,0,SP,11
Lunch,"Friday, March 30, 2018",416," $1,421.00 ",6,51,0.25,0,0,SP,11
Breakfast,"Friday, March 30, 2018",300, $609.00 ,6,51,0.25,0,0,SP,11
Dinner,"Thursday, March 29, 2018",614," $2,058.00 ",5,41.5,0.07,0,0,SP,11
Lunch,"Thursday, March 29, 2018",472," $1,590.00 ",5,41.5,0.07,0,0,SP,11
Breakfast,"Thursday, March 29, 2018",370, $778.00 ,5,41.5,0.07,0,0,SP,11
Dinner,"Wednesday, March 28, 2018",648," $2,223.00 ",4,36,0.15,0,0,SP,11
Lunch,"Wednesday, March 28, 2018",473," $1,664.00 ",4,36,0.15,0,0,SP,11
Breakfast,"Wednesday, March 28, 2018",346, $712.00 ,4,36,0.15,0,0,SP,11
Dinner,"Tuesday, March 27, 2018",656," $2,222.00 ",3,37.5,0,0,0,SP,11
Lunch,"Tuesday, March 27, 2018",418," $1,365.00 ",3,37.5,0,0,0,SP,11
Breakfast,"Tuesday, March 27, 2018",361, $732.00 ,3,37.5,0,0,0,SP,11
Dinner,"Monday, March 26, 2018",682," $2,362.00 ",2,33,0,0,0,SP,11
Lunch,"Monday, March 26, 2018",501," $1,665.00 ",2,33,0,0,0,SP,11
Breakfast,"Monday, March 26, 2018",339, $682.00 ,2,33,0,0,0,SP,11
Dinner,"Sunday, March 25, 2018",656," $2,256.00 ",1,34.5,0,0,0,SP,11
Lunch,"Sunday, March 25, 2018",455," $1,515.00 ",1,34.5,0,0,0,SP,11
Breakfast,"Sunday, March 25, 2018",87, $197.00 ,1,34.5,0,0,0,SP,11
Lunch,"Saturday, March 24, 2018",418," $1,408.00 ",7,33,0,0,0,SP,10
Dinner,"Saturday, March 24, 2018",405," $1,397.00 ",7,33,0,0,0,SP,10
Breakfast,"Saturday, March 24, 2018",126, $271.00 ,7,33,0,0,0,SP,10
Dinner,"Friday, March 23, 2018",491," $1,668.00 ",6,34.5,0,0,0,SP,10
Lunch,"Friday, March 23, 2018",467," $1,632.00 ",6,34.5,0,0,0,SP,10
Breakfast,"Friday, March 23, 2018",306, $644.00 ,6,34.5,0,0,0,SP,10
Dinner,"Thursday, March 22, 2018",540," $2,167.00 ",5,30,0.28,3.3,0,SP,10
Lunch,"Thursday, March 22, 2018",452," $1,515.00 ",5,30,0.28,3.3,0,SP,10
Breakfast,"Thursday, March 22, 2018",358, $771.00 ,5,30,0.28,3.3,0,SP,10
Dinner,"Wednesday, March 21, 2018",632," $2,156.00 ",4,31,0.11,1.2,0,SP,10
Lunch,"Wednesday, March 21, 2018",488," $1,627.00 ",4,31,0.11,1.2,0,SP,10
Breakfast,"Wednesday, March 21, 2018",338, $718.00 ,4,31,0.11,1.2,0,SP,10
Dinner,"Tuesday, March 20, 2018",649," $2,266.00 ",3,36,0,0,0,SP,10
Lunch,"Tuesday, March 20, 2018",456," $1,660.00 ",3,36,0,0,0,SP,10
Breakfast,"Tuesday, March 20, 2018",359, $766.00 ,3,36,0,0,0,SP,10
Dinner,"Monday, March 19, 2018",586," $1,978.00 ",2,39.5,0,0,0,SP,10
Lunch,"Monday, March 19, 2018",488," $1,631.00 ",2,39.5,0,0,0,SP,10
Breakfast,"Monday, March 19, 2018",336, $701.00 ,2,39.5,0,0,0,SP,10
Dinner,"Sunday, March 18, 2018",613," $2,179.00 ",1,32,0,0,0,SP,10
Lunch,"Sunday, March 18, 2018",468," $1,611.00 ",1,32,0,0,0,SP,10
Breakfast,"Sunday, March 18, 2018",94, $223.00 ,1,32,0,0,0,SP,10
Dinner,"Saturday, March 17, 2018",414," $1,400.00 ",7,26,0,0,0,SP,9
Lunch,"Saturday, March 17, 2018",376," $1,301.00 ",7,26,0,0,0,SP,9
Breakfast,"Saturday, March 17, 2018",131, $299.00 ,7,26,0,0,0,SP,9
Dinner,"Friday, March 16, 2018",485," $1,695.00 ",6,29.5,0.02,0.1,0,SP,9
Lunch,"Friday, March 16, 2018",432," $1,444.00 ",6,29.5,0.02,0.1,0,SP,9
Breakfast,"Friday, March 16, 2018",343, $680.00 ,6,29.5,0.02,0.1,0,SP,9
Dinner,"Thursday, March 15, 2018",616," $2,139.00 ",5,27.5,0,0,0,SP,9
Lunch,"Thursday, March 15, 2018",470," $1,576.00 ",5,27.5,0,0,0,SP,9
Breakfast,"Thursday, March 15, 2018",348, $730.00 ,5,27.5,0,0,0,SP,9
Dinner,"Wednesday, March 14, 2018",580," $1,973.00 ",4,29,0,0,0,SP,9
Lunch,"Wednesday, March 14, 2018",492," $1,692.00 ",4,29,0,0,0,SP,9
Breakfast,"Wednesday, March 14, 2018",326, $648.00 ,4,29,0,0,0,SP,9
Dinner,"Tuesday, March 13, 2018",579," $2,020.00 ",3,30.5,0.03,0.3,0,SP,9
Lunch,"Tuesday, March 13, 2018",472," $1,648.00 ",3,30.5,0.03,0.3,0,SP,9
Breakfast,"Tuesday, March 13, 2018",345, $733.00 ,3,30.5,0.03,0.3,0,SP,9
Dinner,"Monday, March 12, 2018",581," $1,901.00 ",2,32,0,0,0,SP,9
Lunch,"Monday, March 12, 2018",403," $1,374.00 ",2,32,0,0,0,SP,9
Breakfast,"Monday, March 12, 2018",288, $586.00 ,2,32,0,0,0,SP,9
Dinner,"Sunday, March 11, 2018",521," $1,783.00 ",1,28,0,0,0,SP,9
Lunch,"Sunday, March 11, 2018",168, $577.00 ,1,28,0,0,0,SP,9
Breakfast,"Sunday, March 11, 2018",9, $23.00 ,1,28,0,0,0,SP,9
Lunch,"Friday, March 2, 2018",389," $1,286.00 ",6,40,0.81,0.6,0,SP,8
Breakfast,"Friday, March 2, 2018",326, $676.00 ,6,40,0.81,0.6,0,SP,8
Dinner,"Friday, March 2, 2018",160, $555.00 ,6,40,0.81,0.6,0,SP,8
Dinner,"Thursday, March 1, 2018",573," $1,910.00 ",5,48.5,0,0,0,SP,8
Lunch,"Thursday, March 1, 2018",499," $1,674.00 ",5,48.5,0,0,0,SP,8
Breakfast,"Thursday, March 1, 2018",384, $802.00 ,5,48.5,0,0,0,SP,8
Dinner,"Wednesday, February 28, 2018",646," $2,245.00 ",4,42.5,0,0,0,SP,8
Lunch,"Wednesday, February 28, 2018",520," $1,851.00 ",4,42.5,0,0,0,SP,8
Breakfast,"Wednesday, February 28, 2018",378, $780.00 ,4,42.5,0,0,0,SP,8
Dinner,"Tuesday, February 27, 2018",681," $2,278.00 ",3,40,0,0,0,SP,8
Lunch,"Tuesday, February 27, 2018",503," $1,788.00 ",3,40,0,0,0,SP,8
Breakfast,"Tuesday, February 27, 2018",391, $858.00 ,3,40,0,0,0,SP,8
Dinner,"Monday, February 26, 2018",718," $2,323.00 ",2,45.5,0.03,0,0,SP,8
Lunch,"Monday, February 26, 2018",528," $1,784.00 ",2,45.5,0.03,0,0,SP,8
Breakfast,"Monday, February 26, 2018",340, $658.00 ,2,45.5,0.03,0,0,SP,8
Dinner,"Sunday, February 25, 2018",646," $2,247.00 ",1,42,1.07,0,0,SP,8
Lunch,"Sunday, February 25, 2018",469," $1,564.00 ",1,42,1.07,0,0,SP,8
Breakfast,"Sunday, February 25, 2018",121, $298.00 ,1,42,1.07,0,0,SP,8
Dinner,"Saturday, February 24, 2018",495," $1,846.00 ",7,38.5,0.27,0,0,SP,7
Lunch,"Saturday, February 24, 2018",455," $1,536.00 ",7,38.5,0.27,0,0,SP,7
Breakfast,"Saturday, February 24, 2018",162, $397.00 ,7,38.5,0.27,0,0,SP,7
Dinner,"Friday, February 23, 2018",546," $1,919.00 ",6,36,0.83,0,0,SP,7
Lunch,"Friday, February 23, 2018",505," $1,743.00 ",6,36,0.83,0,0,SP,7
Breakfast,"Friday, February 23, 2018",347, $718.00 ,6,36,0.83,0,0,SP,7
Dinner,"Thursday, February 22, 2018",610," $2,083.00 ",5,54.5,0.06,0,0,SP,7
Lunch,"Thursday, February 22, 2018",486," $1,655.00 ",5,54.5,0.06,0,0,SP,7
Breakfast,"Thursday, February 22, 2018",315, $688.00 ,5,54.5,0.06,0,0,SP,7
Dinner,"Wednesday, February 21, 2018",694," $2,300.00 ",4,53.5,0,0,0,SP,7
Lunch,"Wednesday, February 21, 2018",492," $1,654.00 ",4,53.5,0,0,0,SP,7
Breakfast,"Wednesday, February 21, 2018",391, $851.00 ,4,53.5,0,0,0,SP,7
Dinner,"Tuesday, February 20, 2018",643," $2,107.00 ",3,38,0.33,0,0,SP,7
Lunch,"Tuesday, February 20, 2018",478," $1,602.00 ",3,38,0.33,0,0,SP,7
Breakfast,"Tuesday, February 20, 2018",364, $759.00 ,3,38,0.33,0,0,SP,7
Dinner,"Monday, February 19, 2018",625," $2,281.00 ",2,34.5,0,0,0,SP,7
Lunch,"Monday, February 19, 2018",490," $1,591.00 ",2,34.5,0,0,0,SP,7
Breakfast,"Monday, February 19, 2018",294, $578.00 ,2,34.5,0,0,0,SP,7
Dinner,"Sunday, February 18, 2018",639," $2,231.00 ",1,27.5,0.22,2.6,0,SP,7
Lunch,"Sunday, February 18, 2018",336," $1,249.00 ",1,27.5,0.22,2.6,0,SP,7
Breakfast,"Sunday, February 18, 2018",88, $220.00 ,1,27.5,0.22,2.6,0,SP,7
Lunch,"Saturday, February 17, 2018",431," $1,433.00 ",7,35.5,0.09,0,0,SP,6
Dinner,"Saturday, February 17, 2018",344," $1,282.00 ",7,35.5,0.09,0,0,SP,6
Breakfast,"Saturday, February 17, 2018",136, $311.00 ,7,35.5,0.09,0,0,SP,6
Dinner,"Friday, February 16, 2018",519," $1,806.00 ",6,52,1.17,0,0,SP,6
Lunch,"Friday, February 16, 2018",489," $1,656.00 ",6,52,1.17,0,0,SP,6
Breakfast,"Friday, February 16, 2018",350, $753.00 ,6,52,1.17,0,0,SP,6
Dinner,"Thursday, February 15, 2018",575," $1,944.00 ",5,40,0.29,0,0,SP,6
Lunch,"Thursday, February 15, 2018",493," $1,721.00 ",5,40,0.29,0,0,SP,6
Breakfast,"Thursday, February 15, 2018",342, $781.00 ,5,40,0.29,0,0,SP,6
Dinner,"Wednesday, February 14, 2018",580," $2,015.00 ",4,28.5,0,0,1,SP,6
Lunch,"Wednesday, February 14, 2018",482," $1,601.00 ",4,28.5,0,0,1,SP,6
Breakfast,"Wednesday, February 14, 2018",324, $675.00 ,4,28.5,0,0,1,SP,6
Dinner,"Tuesday, February 13, 2018",661," $2,273.00 ",3,29,0,0,0,SP,6
Lunch,"Tuesday, February 13, 2018",475," $1,634.00 ",3,29,0,0,0,SP,6
Breakfast,"Tuesday, February 13, 2018",367, $778.00 ,3,29,0,0,0,SP,6
Dinner,"Monday, February 12, 2018",690," $2,324.00 ",2,38,0.17,0,0,SP,6
Lunch,"Monday, February 12, 2018",505," $1,631.00 ",2,38,0.17,0,0,SP,6
Breakfast,"Monday, February 12, 2018",351, $681.00 ,2,38,0.17,0,0,SP,6
Dinner,"Sunday, February 11, 2018",640," $2,288.00 ",1,37.5,0.19,0,0,SP,6
Lunch,"Sunday, February 11, 2018",477," $1,640.00 ",1,37.5,0.19,0,0,SP,6
Breakfast,"Sunday, February 11, 2018",89, $200.00 ,1,37.5,0.19,0,0,SP,6
Dinner,"Saturday, February 10, 2018",423," $1,451.00 ",7,25,0.03,0.4,0,SP,5
Lunch,"Saturday, February 10, 2018",409," $1,441.00 ",7,25,0.03,0.4,0,SP,5
Breakfast,"Saturday, February 10, 2018",130, $301.00 ,7,25,0.03,0.4,0,SP,5
Dinner,"Friday, February 9, 2018",532," $1,876.00 ",6,18,0,0.1,0,SP,5
Lunch,"Friday, February 9, 2018",468," $1,639.00 ",6,18,0,0.1,0,SP,5
Breakfast,"Friday, February 9, 2018",319, $651.00 ,6,18,0,0.1,0,SP,5
Dinner,"Thursday, February 8, 2018",653," $2,273.00 ",5,24,0.62,2.4,1,SP,5
Lunch,"Thursday, February 8, 2018",463," $1,572.00 ",5,24,0.62,2.4,1,SP,5
Breakfast,"Thursday, February 8, 2018",361, $761.00 ,5,24,0.62,2.4,1,SP,5
Dinner,"Wednesday, February 7, 2018",699," $2,469.00 ",4,24.5,0.14,0.8,1,SP,5
Lunch,"Wednesday, February 7, 2018",632," $2,267.00 ",4,24.5,0.14,0.8,1,SP,5
Breakfast,"Wednesday, February 7, 2018",172, $443.00 ,4,24.5,0.14,0.8,1,SP,5
Dinner,"Tuesday, February 6, 2018",717," $2,415.00 ",3,20,0,0,0,SP,5
Lunch,"Tuesday, February 6, 2018",504," $1,774.00 ",3,20,0,0,0,SP,5
Breakfast,"Tuesday, February 6, 2018",372, $798.00 ,3,20,0,0,0,SP,5
Dinner,"Monday, February 5, 2018",681," $2,367.00 ",2,24.5,0.31,3,0,SP,5
Lunch,"Monday, February 5, 2018",492," $1,707.00 ",2,24.5,0.31,3,0,SP,5
Breakfast,"Monday, February 5, 2018",317, $649.00 ,2,24.5,0.31,3,0,SP,5
Dinner,"Sunday, February 4, 2018",471," $1,607.00 ",1,20.5,0.03,0.4,0,SP,5
Lunch,"Sunday, February 4, 2018",439," $1,491.00 ",1,20.5,0.03,0.4,0,SP,5
Breakfast,"Sunday, February 4, 2018",96, $207.00 ,1,20.5,0.03,0.4,0,SP,5
Dinner,"Saturday, February 3, 2018",441," $1,498.00 ",7,13,0,0,0,SP,4
Lunch,"Saturday, February 3, 2018",399," $1,408.00 ",7,13,0,0,0,SP,4
Breakfast,"Saturday, February 3, 2018",115, $256.00 ,7,13,0,0,0,SP,4
Dinner,"Friday, February 2, 2018",583," $2,014.00 ",6,31.5,0.01,0,0,SP,4
Lunch,"Friday, February 2, 2018",519," $1,784.00 ",6,31.5,0.01,0,0,SP,4
Breakfast,"Friday, February 2, 2018",338, $725.00 ,6,31.5,0.01,0,0,SP,4
Dinner,"Thursday, February 1, 2018",674," $2,319.00 ",5,23,0,0,0,SP,4
Lunch,"Thursday, February 1, 2018",492," $1,764.00 ",5,23,0,0,0,SP,4
Breakfast,"Thursday, February 1, 2018",388, $850.00 ,5,23,0,0,0,SP,4
Lunch,"Wednesday, January 31, 2018",834," $4,360.00 ",4,19,0,0,0,SP,4
Breakfast,"Wednesday, January 31, 2018",306, $776.00 ,4,19,0,0,0,SP,4
Dinner,"Tuesday, January 30, 2018",655," $2,340.00 ",3,32,0.07,0.7,0,SP,4
Lunch,"Tuesday, January 30, 2018",528," $1,847.00 ",3,32,0.07,0.7,0,SP,4
Breakfast,"Tuesday, January 30, 2018",387, $813.00 ,3,32,0.07,0.7,0,SP,4
Dinner,"Monday, January 29, 2018",642," $2,209.00 ",2,36.5,0,0,0,SP,4
Lunch,"Monday, January 29, 2018",507," $1,740.00 ",2,36.5,0,0,0,SP,4
Breakfast,"Monday, January 29, 2018",333, $682.00 ,2,36.5,0,0,0,SP,4
Dinner,"Sunday, January 28, 2018",604," $2,179.00 ",1,38,0.06,0,0,SP,4
Lunch,"Sunday, January 28, 2018",471," $1,628.00 ",1,38,0.06,0,0,SP,4
Breakfast,"Sunday, January 28, 2018",77, $164.00 ,1,38,0.06,0,0,SP,4
Dinner,"Saturday, January 27, 2018",467," $1,677.00 ",7,30.5,0,0,0,SP,3
Lunch,"Saturday, January 27, 2018",397," $1,332.00 ",7,30.5,0,0,0,SP,3
Breakfast,"Saturday, January 27, 2018",126, $299.00 ,7,30.5,0,0,0,SP,3
Dinner,"Friday, January 26, 2018",568," $1,954.00 ",6,24.5,0,0,0,SP,3
Lunch,"Friday, January 26, 2018",521," $1,779.00 ",6,24.5,0,0,0,SP,3
Breakfast,"Friday, January 26, 2018",321, $695.00 ,6,24.5,0,0,0,SP,3
Dinner,"Thursday, January 25, 2018",640," $2,169.00 ",5,25.5,0,0,0,SP,3
Lunch,"Thursday, January 25, 2018",495," $1,702.00 ",5,25.5,0,0,0,SP,3
Breakfast,"Thursday, January 25, 2018",375, $843.00 ,5,25.5,0,0,0,SP,3
Dinner,"Wednesday, January 24, 2018",652," $2,280.00 ",4,39.5,0.08,0,0,SP,3
Lunch,"Wednesday, January 24, 2018",496," $1,719.00 ",4,39.5,0.08,0,0,SP,3
Breakfast,"Wednesday, January 24, 2018",330, $708.00 ,4,39.5,0.08,0,0,SP,3
Dinner,"Tuesday, January 23, 2018",653," $2,215.00 ",3,44.5,0.13,0,0,SP,3
Lunch,"Tuesday, January 23, 2018",457," $1,567.00 ",3,44.5,0.13,0,0,SP,3
Breakfast,"Tuesday, January 23, 2018",378, $775.00 ,3,44.5,0.13,0,0,SP,3
Dinner,"Monday, January 22, 2018",660," $2,250.00 ",2,41,0.04,0,0,SP,3
Lunch,"Monday, January 22, 2018",504," $1,694.00 ",2,41,0.04,0,0,SP,3
Breakfast,"Monday, January 22, 2018",315, $630.00 ,2,41,0.04,0,0,SP,3
Dinner,"Sunday, January 21, 2018",645," $2,192.00 ",1,42.5,0,0,0,SP,3
Lunch,"Sunday, January 21, 2018",513," $1,787.00 ",1,42.5,0,0,0,SP,3
Breakfast,"Sunday, January 21, 2018",103, $239.00 ,1,42.5,0,0,0,SP,3
Lunch,"Saturday, January 20, 2018",468," $1,639.00 ",7,33.5,0,0,0,SP,2
Dinner,"Saturday, January 20, 2018",438," $1,516.00 ",7,33.5,0,0,0,SP,2
Breakfast,"Saturday, January 20, 2018",139, $345.00 ,7,33.5,0,0,0,SP,2
Dinner,"Friday, January 19, 2018",596," $2,033.00 ",6,21,0,0,0,SP,2
Lunch,"Friday, January 19, 2018",479," $1,632.00 ",6,21,0,0,0,SP,2
Breakfast,"Friday, January 19, 2018",314, $659.00 ,6,21,0,0,0,SP,2
Dinner,"Thursday, January 18, 2018",682," $2,346.00 ",5,12.5,0,0,0,SP,2
Lunch,"Thursday, January 18, 2018",483," $1,721.00 ",5,12.5,0,0,0,SP,2
Breakfast,"Thursday, January 18, 2018",370, $801.00 ,5,12.5,0,0,0,SP,2
Dinner,"Wednesday, January 17, 2018",635," $2,220.00 ",4,17.5,0.17,2,0,SP,2
Lunch,"Wednesday, January 17, 2018",483," $1,711.00 ",4,17.5,0.17,2,0,SP,2
Breakfast,"Wednesday, January 17, 2018",340, $734.00 ,4,17.5,0.17,2,0,SP,2
Dinner,"Tuesday, January 16, 2018",657," $2,235.00 ",3,14,0.02,0.3,0,SP,2
Lunch,"Tuesday, January 16, 2018",491," $1,761.00 ",3,14,0.02,0.3,0,SP,2
Breakfast,"Tuesday, January 16, 2018",385, $806.00 ,3,14,0.02,0.3,0,SP,2
Dinner,"Monday, January 15, 2018",592," $2,016.00 ",2,11.5,0,0,0,SP,2
Lunch,"Monday, January 15, 2018",549," $1,941.00 ",2,11.5,0,0,0,SP,2
Breakfast,"Monday, January 15, 2018",191, $460.00 ,2,11.5,0,0,0,SP,2
Dinner,"Sunday, January 14, 2018",607," $2,101.00 ",1,13.5,0,0,0,SP,2
Lunch,"Sunday, January 14, 2018",476," $1,687.00 ",1,13.5,0,0,0,SP,2
Breakfast,"Sunday, January 14, 2018",116, $249.00 ,1,13.5,0,0,0,SP,2
Dinner,"Saturday, January 13, 2018",530," $1,857.00 ",7,40,1.67,2,1,SP,1
Lunch,"Saturday, January 13, 2018",421," $1,504.00 ",7,40,1.67,2,1,SP,1
Breakfast,"Saturday, January 13, 2018",101, $228.00 ,7,40,1.67,2,1,SP,1
Dinner,"Friday, January 12, 2018",574," $1,990.00 ",6,47.5,0.37,0,0,SP,1
Lunch,"Friday, January 12, 2018",512," $1,741.00 ",6,47.5,0.37,0,0,SP,1
Breakfast,"Friday, January 12, 2018",336, $669.00 ,6,47.5,0.37,0,0,SP,1
Dinner,"Thursday, January 11, 2018",625," $2,197.00 ",5,31,0,0,0,SP,1
Lunch,"Thursday, January 11, 2018",472," $1,724.00 ",5,31,0,0,0,SP,1
Breakfast,"Thursday, January 11, 2018",363, $801.00 ,5,31,0,0,0,SP,1
Dinner,"Wednesday, January 10, 2018",585," $1,978.00 ",4,29,0,0,0,SP,1
Lunch,"Wednesday, January 10, 2018",483," $1,691.00 ",4,29,0,0,0,SP,1
Breakfast,"Wednesday, January 10, 2018",350, $756.00 ,4,29,0,0,0,SP,1
Dinner,"Tuesday, January 9, 2018",581," $2,025.00 ",3,30,0,0,0,SP,1
Lunch,"Tuesday, January 9, 2018",453," $1,541.00 ",3,30,0,0,0,SP,1
Breakfast,"Tuesday, January 9, 2018",333, $727.00 ,3,30,0,0,0,SP,1
Dinner,"Monday, January 8, 2018",520," $1,770.00 ",2,11,0,0,0,SP,1
Lunch,"Monday, January 8, 2018",465," $1,580.00 ",2,11,0,0,0,SP,1
Breakfast,"Monday, January 8, 2018",332, $672.00 ,2,11,0,0,0,SP,1
Lunch,"Thursday, December 14, 2017",482," $1,773.00 ",5,18,0.27,4.3,0,FA,16
Dinner,"Thursday, December 14, 2017",469," $1,654.00 ",5,18,0.27,4.3,0,FA,16
Breakfast,"Thursday, December 14, 2017",308, $760.00 ,5,18,0.27,4.3,0,FA,16
Dinner,"Wednesday, December 13, 2017",575," $2,094.00 ",4,25,0,0,0,FA,16
Lunch,"Wednesday, December 13, 2017",535," $1,923.00 ",4,25,0,0,0,FA,16
Breakfast,"Wednesday, December 13, 2017",339, $731.00 ,4,25,0,0,0,FA,16
Dinner,"Tuesday, December 12, 2017",649," $2,364.00 ",3,33.5,0,0,0,FA,16
Lunch,"Tuesday, December 12, 2017",628," $2,224.00 ",3,33.5,0,0,0,FA,16
Breakfast,"Tuesday, December 12, 2017",362, $805.00 ,3,33.5,0,0,0,FA,16
Dinner,"Monday, December 11, 2017",692," $2,481.00 ",2,29.5,0,0,0,FA,16
Lunch,"Monday, December 11, 2017",628," $2,246.00 ",2,29.5,0,0,0,FA,16
Breakfast,"Monday, December 11, 2017",303, $645.00 ,2,29.5,0,0,0,FA,16
Dinner,"Sunday, December 10, 2017",663," $2,267.00 ",1,27,0,0,0,FA,16
Lunch,"Sunday, December 10, 2017",560," $1,898.00 ",1,27,0,0,0,FA,16
Breakfast,"Sunday, December 10, 2017",145, $341.00 ,1,27,0,0,0,FA,16
Dinner,"Saturday, December 9, 2017",538," $1,991.00 ",7,25.5,0,0,0,FA,15
Lunch,"Saturday, December 9, 2017",529," $1,764.00 ",7,25.5,0,0,0,FA,15
Breakfast,"Saturday, December 9, 2017",149, $343.00 ,7,25.5,0,0,0,FA,15
Dinner,"Friday, December 8, 2017",593," $2,061.00 ",6,32,0,0,0,FA,15
Lunch,"Friday, December 8, 2017",557," $1,946.00 ",6,32,0,0,0,FA,15
Breakfast,"Friday, December 8, 2017",331, $711.00 ,6,32,0,0,0,FA,15
Dinner,"Thursday, December 7, 2017",671," $2,257.00 ",5,35,0,0,0,FA,15
Lunch,"Thursday, December 7, 2017",563," $1,967.00 ",5,35,0,0,0,FA,15
Breakfast,"Thursday, December 7, 2017",337, $757.00 ,5,35,0,0,0,FA,15
Dinner,"Wednesday, December 6, 2017",682," $2,345.00 ",4,39,0.45,0,0,FA,15
Lunch,"Wednesday, December 6, 2017",564," $1,926.00 ",4,39,0.45,0,0,FA,15
Breakfast,"Wednesday, December 6, 2017",364, $772.00 ,4,39,0.45,0,0,FA,15
Lunch,"Tuesday, December 5, 2017",579," $2,483.00 ",3,38.5,0.02,0,0,FA,15
Dinner,"Tuesday, December 5, 2017",669," $2,363.00 ",3,38.5,0.02,0,0,FA,15
Breakfast,"Tuesday, December 5, 2017",329, $706.00 ,3,38.5,0.02,0,0,FA,15
Dinner,"Monday, December 4, 2017",652," $2,254.00 ",2,39,0,0,0,FA,15
Lunch,"Monday, December 4, 2017",552," $1,865.00 ",2,39,0,0,0,FA,15
Breakfast,"Monday, December 4, 2017",333, $673.00 ,2,39,0,0,0,FA,15
Dinner,"Sunday, December 3, 2017",615," $2,049.00 ",1,36,0,0,0,FA,15
Lunch,"Sunday, December 3, 2017",481," $1,595.00 ",1,36,0,0,0,FA,15
Breakfast,"Sunday, December 3, 2017",103, $238.00 ,1,36,0,0,0,FA,15
Dinner,"Saturday, December 2, 2017",504," $1,799.00 ",7,38,0,0,0,FA,14
Lunch,"Saturday, December 2, 2017",474," $1,541.00 ",7,38,0,0,0,FA,14
Breakfast,"Saturday, December 2, 2017",133, $300.00 ,7,38,0,0,0,FA,14
Dinner,"Friday, December 1, 2017",546," $1,957.00 ",6,39.5,0.03,0,0,FA,14
Lunch,"Friday, December 1, 2017",544," $1,891.00 ",6,39.5,0.03,0,0,FA,14
Breakfast,"Friday, December 1, 2017",297, $609.00 ,6,39.5,0.03,0,0,FA,14
Dinner,"Thursday, November 30, 2017",604," $2,063.00 ",5,42.5,0,0,0,FA,14
Lunch,"Thursday, November 30, 2017",526," $1,798.00 ",5,42.5,0,0,0,FA,14
Breakfast,"Thursday, November 30, 2017",345, $736.00 ,5,42.5,0,0,0,FA,14
Dinner,"Wednesday, November 29, 2017",623," $2,162.00 ",4,43.5,0,0,0,FA,14
Lunch,"Wednesday, November 29, 2017",537," $1,854.00 ",4,43.5,0,0,0,FA,14
Breakfast,"Wednesday, November 29, 2017",335, $698.00 ,4,43.5,0,0,0,FA,14
Dinner,"Tuesday, November 28, 2017",645," $2,204.00 ",3,39,0,0,0,FA,14
Lunch,"Tuesday, November 28, 2017",543," $1,851.00 ",3,39,0,0,0,FA,14
Breakfast,"Tuesday, November 28, 2017",360, $794.00 ,3,39,0,0,0,FA,14
Dinner,"Monday, November 27, 2017",618," $2,079.00 ",2,35.5,0,0,0,FA,14
Lunch,"Monday, November 27, 2017",513," $1,768.00 ",2,35.5,0,0,0,FA,14
Breakfast,"Monday, November 27, 2017",320, $674.00 ,2,35.5,0,0,0,FA,14
Dinner,"Sunday, November 26, 2017",505," $1,663.00 ",1,43.5,0.02,0,0,FA,14
Lunch,"Sunday, November 26, 2017",164, $601.00 ,1,43.5,0.02,0,0,FA,14
Breakfast,"Sunday, November 26, 2017",17, $42.00 ,1,43.5,0.02,0,0,FA,14
Lunch,"Friday, November 17, 2017",307," $1,125.00 ",6,40.5,0.01,0,1,FA,13
Breakfast,"Friday, November 17, 2017",353, $761.00 ,6,40.5,0.01,0,1,FA,13
Dinner,"Thursday, November 16, 2017",642," $2,262.00 ",5,36.5,0.03,0,0,FA,13
Lunch,"Thursday, November 16, 2017",534," $1,862.00 ",5,36.5,0.03,0,0,FA,13
Breakfast,"Thursday, November 16, 2017",344, $762.00 ,5,36.5,0.03,0,0,FA,13
Dinner,"Wednesday, November 15, 2017",681," $2,360.00 ",4,34.5,0,0,0,FA,13
Lunch,"Wednesday, November 15, 2017",586," $2,125.00 ",4,34.5,0,0,0,FA,13
Breakfast,"Wednesday, November 15, 2017",348, $754.00 ,4,34.5,0,0,0,FA,13
Dinner,"Tuesday, November 14, 2017",651," $2,262.00 ",3,39.5,0,0,0,FA,13
Lunch,"Tuesday, November 14, 2017",566," $1,911.00 ",3,39.5,0,0,0,FA,13
Breakfast,"Tuesday, November 14, 2017",381, $841.00 ,3,39.5,0,0,0,FA,13
Dinner,"Monday, November 13, 2017",692," $2,398.00 ",2,34.5,0.01,0,1,FA,13
Lunch,"Monday, November 13, 2017",556," $1,937.00 ",2,34.5,0.01,0,1,FA,13
Breakfast,"Monday, November 13, 2017",327, $685.00 ,2,34.5,0.01,0,1,FA,13
Dinner,"Sunday, November 12, 2017",619," $1,933.00 ",1,24.5,0,0,0,FA,13
Lunch,"Sunday, November 12, 2017",472," $1,501.00 ",1,24.5,0,0,0,FA,13
Breakfast,"Sunday, November 12, 2017",114, $287.00 ,1,24.5,0,0,0,FA,13
Lunch,"Saturday, November 11, 2017",471," $1,761.00 ",7,22.5,0,0,0,FA,12
Dinner,"Saturday, November 11, 2017",470," $1,670.00 ",7,22.5,0,0,0,FA,12
Breakfast,"Saturday, November 11, 2017",235, $570.00 ,7,22.5,0,0,0,FA,12
Dinner,"Friday, November 10, 2017",645," $2,223.00 ",6,36,0,0,0,FA,12
Lunch,"Friday, November 10, 2017",571," $2,026.00 ",6,36,0,0,0,FA,12
Breakfast,"Friday, November 10, 2017",361, $802.00 ,6,36,0,0,0,FA,12
Dinner,"Thursday, November 9, 2017",648," $2,271.00 ",5,36.5,0,0,0,FA,12
Lunch,"Thursday, November 9, 2017",555," $1,924.00 ",5,36.5,0,0,0,FA,12
Breakfast,"Thursday, November 9, 2017",378, $861.00 ,5,36.5,0,0,0,FA,12
Dinner,"Wednesday, November 8, 2017",719," $2,514.00 ",4,33.5,0.17,0,1,FA,12
Lunch,"Wednesday, November 8, 2017",549," $1,950.00 ",4,33.5,0.17,0,1,FA,12
Breakfast,"Wednesday, November 8, 2017",357, $784.00 ,4,33.5,0.17,0,1,FA,12
Dinner,"Tuesday, November 7, 2017",661," $2,352.00 ",3,46.5,0.02,0,0,FA,12
Lunch,"Tuesday, November 7, 2017",547," $1,898.00 ",3,46.5,0.02,0,0,FA,12
Breakfast,"Tuesday, November 7, 2017",376, $776.00 ,3,46.5,0.02,0,0,FA,12
Dinner,"Monday, November 6, 2017",700," $2,487.00 ",2,53,0.57,0,0,FA,12
Lunch,"Monday, November 6, 2017",574," $2,123.00 ",2,53,0.57,0,0,FA,12
Breakfast,"Monday, November 6, 2017",336, $722.00 ,2,53,0.57,0,0,FA,12
Dinner,"Sunday, November 5, 2017",644," $2,210.00 ",1,44,0.03,0,0,FA,12
Lunch,"Sunday, November 5, 2017",431," $1,540.00 ",1,44,0.03,0,0,FA,12
Breakfast,"Sunday, November 5, 2017",152, $362.00 ,1,44,0.03,0,0,FA,12
Dinner,"Saturday, November 4, 2017",456," $1,597.00 ",7,48.5,0.02,0,0,FA,11
Lunch,"Saturday, November 4, 2017",468," $1,594.00 ",7,48.5,0.02,0,0,FA,11
Breakfast,"Saturday, November 4, 2017",133, $283.00 ,7,48.5,0.02,0,0,FA,11
Dinner,"Friday, November 3, 2017",531," $1,865.00 ",6,53,0.02,0,0,FA,11
Lunch,"Friday, November 3, 2017",519," $1,808.00 ",6,53,0.02,0,0,FA,11
Breakfast,"Friday, November 3, 2017",339, $751.00 ,6,53,0.02,0,0,FA,11
Dinner,"Thursday, November 2, 2017",723," $2,470.00 ",5,40.5,0.15,0,1,FA,11
Lunch,"Thursday, November 2, 2017",545," $1,916.00 ",5,40.5,0.15,0,1,FA,11
Breakfast,"Thursday, November 2, 2017",377, $811.00 ,5,40.5,0.15,0,1,FA,11
Dinner,"Wednesday, November 1, 2017",693," $2,506.00 ",4,38,0,0,0,FA,11
Lunch,"Wednesday, November 1, 2017",535," $1,855.00 ",4,38,0,0,0,FA,11
Breakfast,"Wednesday, November 1, 2017",332, $688.00 ,4,38,0,0,0,FA,11
Dinner,"Tuesday, October 31, 2017",707," $2,461.00 ",3,42.5,0,0,0,FA,11
Lunch,"Tuesday, October 31, 2017",604," $2,109.00 ",3,42.5,0,0,0,FA,11
Breakfast,"Tuesday, October 31, 2017",370, $819.00 ,3,42.5,0,0,0,FA,11
Dinner,"Monday, October 30, 2017",726," $2,559.00 ",2,42.5,2.12,0,0,FA,11
Lunch,"Monday, October 30, 2017",543," $1,889.00 ",2,42.5,2.12,0,0,FA,11
Breakfast,"Monday, October 30, 2017",337, $738.00 ,2,42.5,2.12,0,0,FA,11
Dinner,"Sunday, October 29, 2017",642," $2,231.00 ",1,53.5,1.33,0,0,FA,11
Lunch,"Sunday, October 29, 2017",463," $1,647.00 ",1,53.5,1.33,0,0,FA,11
Breakfast,"Sunday, October 29, 2017",82, $191.00 ,1,53.5,1.33,0,0,FA,11
Dinner,"Saturday, October 28, 2017",472," $1,698.00 ",7,48.5,0,0,0,FA,10
Lunch,"Saturday, October 28, 2017",449," $1,540.00 ",7,48.5,0,0,0,FA,10
Breakfast,"Saturday, October 28, 2017",113, $254.00 ,7,48.5,0,0,0,FA,10
Dinner,"Friday, October 27, 2017",581," $2,051.00 ",6,42.5,0,0,0,FA,10
Lunch,"Friday, October 27, 2017",526," $1,941.00 ",6,42.5,0,0,0,FA,10
Breakfast,"Friday, October 27, 2017",345, $774.00 ,6,42.5,0,0,0,FA,10
Dinner,"Thursday, October 26, 2017",629," $2,288.00 ",5,45,0,0,0,FA,10
Lunch,"Thursday, October 26, 2017",550," $1,913.00 ",5,45,0,0,0,FA,10
Breakfast,"Thursday, October 26, 2017",343, $749.00 ,5,45,0,0,0,FA,10
Dinner,"Wednesday, October 25, 2017",704," $2,398.00 ",4,54,0,0,0,FA,10
Lunch,"Wednesday, October 25, 2017",533," $1,874.00 ",4,54,0,0,0,FA,10
Breakfast,"Wednesday, October 25, 2017",358, $773.00 ,4,54,0,0,0,FA,10
Dinner,"Tuesday, October 24, 2017",648," $2,268.00 ",3,60.5,0.39,0,0,FA,10
Lunch,"Tuesday, October 24, 2017",583," $2,057.00 ",3,60.5,0.39,0,0,FA,10
Breakfast,"Tuesday, October 24, 2017",373, $824.00 ,3,60.5,0.39,0,0,FA,10
Dinner,"Monday, October 23, 2017",634," $2,240.00 ",2,59,0,0,0,FA,10
Lunch,"Monday, October 23, 2017",520," $1,823.00 ",2,59,0,0,0,FA,10
Breakfast,"Monday, October 23, 2017",354, $795.00 ,2,59,0,0,0,FA,10
Dinner,"Sunday, October 22, 2017",646," $2,284.00 ",1,56.5,0,0,0,FA,10
Lunch,"Sunday, October 22, 2017",454," $1,576.00 ",1,56.5,0,0,0,FA,10
Breakfast,"Sunday, October 22, 2017",102, $263.00 ,1,56.5,0,0,0,FA,10
Lunch,"Saturday, October 21, 2017",442," $1,622.00 ",7,56.5,0,0,0,FA,9
Dinner,"Saturday, October 21, 2017",314," $1,196.00 ",7,56.5,0,0,0,FA,9
Breakfast,"Saturday, October 21, 2017",216, $545.00 ,7,56.5,0,0,0,FA,9
Dinner,"Friday, October 20, 2017",531," $1,888.00 ",6,57,0,0,0,FA,9
Lunch,"Friday, October 20, 2017",480," $1,776.00 ",6,57,0,0,0,FA,9
Breakfast,"Friday, October 20, 2017",326, $692.00 ,6,57,0,0,0,FA,9
Dinner,"Thursday, October 19, 2017",602," $2,077.00 ",5,55.5,0,0,0,FA,9
Lunch,"Thursday, October 19, 2017",489," $1,708.00 ",5,55.5,0,0,0,FA,9
Breakfast,"Thursday, October 19, 2017",333, $743.00 ,5,55.5,0,0,0,FA,9
Dinner,"Wednesday, October 18, 2017",690," $2,483.00 ",4,48,0,0,0,FA,9
Lunch,"Wednesday, October 18, 2017",493," $1,731.00 ",4,48,0,0,0,FA,9
Breakfast,"Wednesday, October 18, 2017",343, $754.00 ,4,48,0,0,0,FA,9
Dinner,"Tuesday, October 17, 2017",670," $2,281.00 ",3,45.5,0,0,0,FA,9
Lunch,"Tuesday, October 17, 2017",506," $1,807.00 ",3,45.5,0,0,0,FA,9
Breakfast,"Tuesday, October 17, 2017",368, $807.00 ,3,45.5,0,0,0,FA,9
Dinner,"Monday, October 16, 2017",669," $2,338.00 ",2,63,0.07,0,0,FA,9
Lunch,"Monday, October 16, 2017",543," $1,910.00 ",2,63,0.07,0,0,FA,9
Breakfast,"Monday, October 16, 2017",352, $774.00 ,2,63,0.07,0,0,FA,9
Dinner,"Sunday, October 15, 2017",575," $2,101.00 ",1,60.5,0,0,0,FA,9
Lunch,"Sunday, October 15, 2017",392," $1,367.00 ",1,60.5,0,0,0,FA,9
Breakfast,"Sunday, October 15, 2017",102, $261.00 ,1,60.5,0,0,0,FA,9
Dinner,"Saturday, October 14, 2017",372," $1,364.00 ",7,56.5,0,0,0,FA,8
Lunch,"Saturday, October 14, 2017",308," $1,140.00 ",7,56.5,0,0,0,FA,8
Breakfast,"Saturday, October 14, 2017",85, $262.00 ,7,56.5,0,0,0,FA,8
Lunch,"Friday, October 13, 2017",488," $1,809.00 ",6,57,0,0,0,FA,8
Dinner,"Friday, October 13, 2017",465," $1,609.00 ",6,57,0,0,0,FA,8
Breakfast,"Friday, October 13, 2017",320, $692.00 ,6,57,0,0,0,FA,8
Dinner,"Thursday, October 12, 2017",642," $2,255.00 ",5,61,1.25,0,0,FA,8
Lunch,"Thursday, October 12, 2017",545," $1,882.00 ",5,61,1.25,0,0,FA,8
Breakfast,"Thursday, October 12, 2017",352, $776.00 ,5,61,1.25,0,0,FA,8
Dinner,"Wednesday, October 11, 2017",671," $2,333.00 ",4,70,0,0,0,FA,8
Lunch,"Wednesday, October 11, 2017",562," $2,056.00 ",4,70,0,0,0,FA,8
Breakfast,"Wednesday, October 11, 2017",334, $765.00 ,4,70,0,0,0,FA,8
Dinner,"Tuesday, October 10, 2017",662," $2,304.00 ",3,69.5,0.22,0,0,FA,8
Lunch,"Tuesday, October 10, 2017",560," $1,950.00 ",3,69.5,0.22,0,0,FA,8
Breakfast,"Tuesday, October 10, 2017",353, $741.00 ,3,69.5,0.22,0,0,FA,8
Dinner,"Monday, October 9, 2017",671," $2,387.00 ",2,71.5,0.52,0,0,FA,8
Lunch,"Monday, October 9, 2017",497," $1,823.00 ",2,71.5,0.52,0,0,FA,8
Breakfast,"Monday, October 9, 2017",296, $660.00 ,2,71.5,0.52,0,0,FA,8
Dinner,"Sunday, October 8, 2017",639," $2,362.00 ",1,72.5,0.26,0,0,FA,8
Lunch,"Sunday, October 8, 2017",437," $1,550.00 ",1,72.5,0.26,0,0,FA,8
Breakfast,"Sunday, October 8, 2017",90, $190.00 ,1,72.5,0.26,0,0,FA,8
Dinner,"Saturday, October 7, 2017",432," $1,516.00 ",7,67,0,0,0,FA,7
Lunch,"Saturday, October 7, 2017",410," $1,453.00 ",7,67,0,0,0,FA,7
Breakfast,"Saturday, October 7, 2017",103, $268.00 ,7,67,0,0,0,FA,7
Dinner,"Friday, October 6, 2017",514," $1,890.00 ",6,68.5,0.16,0,0,FA,7
Lunch,"Friday, October 6, 2017",487," $1,779.00 ",6,68.5,0.16,0,0,FA,7
Breakfast,"Friday, October 6, 2017",309, $742.00 ,6,68.5,0.16,0,0,FA,7
Dinner,"Thursday, October 5, 2017",604," $2,082.00 ",5,64.5,0,0,0,FA,7
Lunch,"Thursday, October 5, 2017",531," $1,915.00 ",5,64.5,0,0,0,FA,7
Breakfast,"Thursday, October 5, 2017",317, $713.00 ,5,64.5,0,0,0,FA,7
Dinner,"Wednesday, October 4, 2017",647," $2,310.00 ",4,59,0,0,0,FA,7
Lunch,"Wednesday, October 4, 2017",521," $1,937.00 ",4,59,0,0,0,FA,7
Breakfast,"Wednesday, October 4, 2017",335, $701.00 ,4,59,0,0,0,FA,7
Dinner,"Tuesday, October 3, 2017",671," $2,462.00 ",3,55.5,0,0,0,FA,7
Lunch,"Tuesday, October 3, 2017",529," $1,960.00 ",3,55.5,0,0,0,FA,7
Breakfast,"Tuesday, October 3, 2017",355, $701.00 ,3,55.5,0,0,0,FA,7
Dinner,"Monday, October 2, 2017",610," $2,238.00 ",2,51.5,0,0,0,FA,7
Lunch,"Monday, October 2, 2017",531," $1,937.00 ",2,51.5,0,0,0,FA,7
Breakfast,"Monday, October 2, 2017",314, $728.00 ,2,51.5,0,0,0,FA,7
Dinner,"Sunday, October 1, 2017",611," $2,211.00 ",1,47,0,0,0,FA,7
Lunch,"Sunday, October 1, 2017",481," $1,688.00 ",1,47,0,0,0,FA,7
Breakfast,"Sunday, October 1, 2017",114, $269.00 ,1,47,0,0,0,FA,7
Dinner,"Saturday, September 30, 2017",438," $1,674.00 ",7,57,0.06,0,0,FA,6
Lunch,"Saturday, September 30, 2017",395," $1,416.00 ",7,57,0.06,0,0,FA,6
Breakfast,"Saturday, September 30, 2017",205, $489.00 ,7,57,0.06,0,0,FA,6
Dinner,"Friday, September 29, 2017",519," $1,868.00 ",6,57.5,0,0,0,FA,6
Lunch,"Friday, September 29, 2017",475," $1,738.00 ",6,57.5,0,0,0,FA,6
Breakfast,"Friday, September 29, 2017",327, $729.00 ,6,57.5,0,0,0,FA,6
Dinner,"Thursday, September 28, 2017",625," $2,315.00 ",5,73,0,0,0,FA,6
Lunch,"Thursday, September 28, 2017",517," $1,974.00 ",5,73,0,0,0,FA,6
Breakfast,"Thursday, September 28, 2017",366, $825.00 ,5,73,0,0,0,FA,6
Dinner,"Wednesday, September 27, 2017",674," $2,377.00 ",4,74.5,0,0,0,FA,6
Lunch,"Wednesday, September 27, 2017",523," $1,839.00 ",4,74.5,0,0,0,FA,6
Breakfast,"Wednesday, September 27, 2017",350, $768.00 ,4,74.5,0,0,0,FA,6
Dinner,"Tuesday, September 26, 2017",678," $2,348.00 ",3,76,0,0,0,FA,6
Lunch,"Tuesday, September 26, 2017",507," $1,874.00 ",3,76,0,0,0,FA,6
Breakfast,"Tuesday, September 26, 2017",398, $820.00 ,3,76,0,0,0,FA,6
Dinner,"Monday, September 25, 2017",639," $2,246.00 ",2,74,0,0,0,FA,6
Lunch,"Monday, September 25, 2017",525," $1,928.00 ",2,74,0,0,0,FA,6
Breakfast,"Monday, September 25, 2017",329, $736.00 ,2,74,0,0,0,FA,6
Dinner,"Sunday, September 24, 2017",567," $2,063.00 ",1,71.5,0,0,0,FA,6
Lunch,"Sunday, September 24, 2017",392," $1,405.00 ",1,71.5,0,0,0,FA,6
Breakfast,"Sunday, September 24, 2017",98, $213.00 ,1,71.5,0,0,0,FA,6
Dinner,"Saturday, September 23, 2017",416," $1,480.00 ",7,69,0,0,0,FA,5
Lunch,"Saturday, September 23, 2017",348," $1,231.00 ",7,69,0,0,0,FA,5
Breakfast,"Saturday, September 23, 2017",85, $217.00 ,7,69,0,0,0,FA,5
Lunch,"Friday, September 22, 2017",514," $1,879.00 ",6,70.5,0,0,0,FA,5
Dinner,"Friday, September 22, 2017",498," $1,785.00 ",6,70.5,0,0,0,FA,5
Breakfast,"Friday, September 22, 2017",305, $689.00 ,6,70.5,0,0,0,FA,5
Dinner,"Thursday, September 21, 2017",621," $2,269.00 ",5,70,0,0,0,FA,5
Lunch,"Thursday, September 21, 2017",520," $1,955.00 ",5,70,0,0,0,FA,5
Breakfast,"Thursday, September 21, 2017",325, $673.00 ,5,70,0,0,0,FA,5
Dinner,"Wednesday, September 20, 2017",648," $2,340.00 ",4,65.5,0,0,0,FA,5
Lunch,"Wednesday, September 20, 2017",501," $1,809.00 ",4,65.5,0,0,0,FA,5
Breakfast,"Wednesday, September 20, 2017",338, $775.00 ,4,65.5,0,0,0,FA,5
Dinner,"Tuesday, September 19, 2017",638," $2,292.00 ",3,70,0,0,0,FA,5
Lunch,"Tuesday, September 19, 2017",527," $1,878.00 ",3,70,0,0,0,FA,5
Breakfast,"Tuesday, September 19, 2017",347, $762.00 ,3,70,0,0,0,FA,5
Dinner,"Monday, September 18, 2017",628," $2,301.00 ",2,72,0,0,0,FA,5
Lunch,"Monday, September 18, 2017",534," $1,899.00 ",2,72,0,0,0,FA,5
Breakfast,"Monday, September 18, 2017",304, $682.00 ,2,72,0,0,0,FA,5
Dinner,"Sunday, September 17, 2017",638," $2,318.00 ",1,68,0,0,0,FA,5
Lunch,"Sunday, September 17, 2017",484," $1,704.00 ",1,68,0,0,0,FA,5
Breakfast,"Sunday, September 17, 2017",89, $229.00 ,1,68,0,0,0,FA,5
Lunch,"Saturday, September 16, 2017",439," $1,549.00 ",7,69.5,0.02,0,0,FA,4
Dinner,"Saturday, September 16, 2017",389," $1,465.00 ",7,69.5,0.02,0,0,FA,4
Breakfast,"Saturday, September 16, 2017",146, $318.00 ,7,69.5,0.02,0,0,FA,4
Dinner,"Friday, September 15, 2017",544," $2,037.00 ",6,63.5,0.02,0,0,FA,4
Lunch,"Friday, September 15, 2017",524," $1,889.00 ",6,63.5,0.02,0,0,FA,4
Breakfast,"Friday, September 15, 2017",341, $768.00 ,6,63.5,0.02,0,0,FA,4
Dinner,"Thursday, September 14, 2017",639," $2,343.00 ",5,66.5,0.03,0,0,FA,4
Lunch,"Thursday, September 14, 2017",560," $2,007.00 ",5,66.5,0.03,0,0,FA,4
Breakfast,"Thursday, September 14, 2017",328, $740.00 ,5,66.5,0.03,0,0,FA,4
Dinner,"Wednesday, September 13, 2017",658," $2,331.00 ",4,62,0.03,0,0,FA,4
Lunch,"Wednesday, September 13, 2017",571," $2,023.00 ",4,62,0.03,0,0,FA,4
Breakfast,"Wednesday, September 13, 2017",346, $761.00 ,4,62,0.03,0,0,FA,4
Dinner,"Tuesday, September 12, 2017",637," $2,255.00 ",3,57,0,0,0,FA,4
Lunch,"Tuesday, September 12, 2017",499," $1,861.00 ",3,57,0,0,0,FA,4
Breakfast,"Tuesday, September 12, 2017",360, $735.00 ,3,57,0,0,0,FA,4
Dinner,"Monday, September 11, 2017",688," $2,552.00 ",2,55.5,0,0,0,FA,4
Lunch,"Monday, September 11, 2017",533," $2,034.00 ",2,55.5,0,0,0,FA,4
Breakfast,"Monday, September 11, 2017",324, $756.00 ,2,55.5,0,0,0,FA,4
Dinner,"Sunday, September 10, 2017",613," $2,292.00 ",1,53.5,0,0,0,FA,4
Lunch,"Sunday, September 10, 2017",520," $1,943.00 ",1,53.5,0,0,0,FA,4
Breakfast,"Sunday, September 10, 2017",107, $240.00 ,1,53.5,0,0,0,FA,4
Dinner,"Saturday, September 9, 2017",435," $1,758.00 ",7,56.5,0.05,0,0,FA,3
Lunch,"Saturday, September 9, 2017",371," $1,335.00 ",7,56.5,0.05,0,0,FA,3
Breakfast,"Saturday, September 9, 2017",254, $622.00 ,7,56.5,0.05,0,0,FA,3
Dinner,"Friday, September 8, 2017",766," $3,139.00 ",6,57.5,0,0,0,FA,3
Lunch,"Friday, September 8, 2017",483," $1,815.00 ",6,57.5,0,0,0,FA,3
Breakfast,"Friday, September 8, 2017",303, $726.00 ,6,57.5,0,0,0,FA,3
Dinner,"Thursday, September 7, 2017",596," $2,207.00 ",5,56.5,0.06,0,0,FA,3
Lunch,"Thursday, September 7, 2017",516," $1,917.00 ",5,56.5,0.06,0,0,FA,3
Breakfast,"Thursday, September 7, 2017",322, $731.00 ,5,56.5,0.06,0,0,FA,3
Dinner,"Wednesday, September 6, 2017",612," $2,207.00 ",4,64.5,0.85,0,1,FA,3
Lunch,"Wednesday, September 6, 2017",468," $1,735.00 ",4,64.5,0.85,0,1,FA,3
Breakfast,"Wednesday, September 6, 2017",309, $755.00 ,4,64.5,0.85,0,1,FA,3
Dinner,"Tuesday, September 5, 2017",603," $2,264.00 ",3,68,0,0,0,FA,3
Lunch,"Tuesday, September 5, 2017",468," $1,782.00 ",3,68,0,0,0,FA,3
Breakfast,"Tuesday, September 5, 2017",296, $620.00 ,3,68,0,0,0,FA,3
Dinner,"Monday, September 4, 2017",519," $1,821.00 ",2,60,0.07,0,0,FA,3
Lunch,"Monday, September 4, 2017",445," $1,596.00 ",2,60,0.07,0,0,FA,3
Breakfast,"Monday, September 4, 2017",119, $307.00 ,2,60,0.07,0,0,FA,3
Dinner,"Sunday, September 3, 2017",496," $1,802.00 ",1,52.5,0.66,0,0,FA,3
Lunch,"Sunday, September 3, 2017",352," $1,168.00 ",1,52.5,0.66,0,0,FA,3
Breakfast,"Sunday, September 3, 2017",102, $249.00 ,1,52.5,0.66,0,0,FA,3
Lunch,"Saturday, September 2, 2017",355," $1,346.00 ",7,54.5,0,0,0,FA,2
Dinner,"Saturday, September 2, 2017",314," $1,076.00 ",7,54.5,0,0,0,FA,2
Breakfast,"Saturday, September 2, 2017",192, $417.00 ,7,54.5,0,0,0,FA,2
Dinner,"Friday, September 1, 2017",479," $1,739.00 ",6,63,0.02,0,0,FA,2
Lunch,"Friday, September 1, 2017",470," $1,723.00 ",6,63,0.02,0,0,FA,2
Breakfast,"Friday, September 1, 2017",289, $700.00 ,6,63,0.02,0,0,FA,2
Dinner,"Thursday, August 31, 2017",579," $2,163.00 ",5,66.5,0,0,0,FA,2
Lunch,"Thursday, August 31, 2017",468," $1,694.00 ",5,66.5,0,0,0,FA,2
Breakfast,"Thursday, August 31, 2017",316, $697.00 ,5,66.5,0,0,0,FA,2
Dinner,"Wednesday, August 30, 2017",600," $2,262.00 ",4,59.5,0,0,0,FA,2
Lunch,"Wednesday, August 30, 2017",470," $1,782.00 ",4,59.5,0,0,0,FA,2
Breakfast,"Wednesday, August 30, 2017",296, $688.00 ,4,59.5,0,0,0,FA,2
Dinner,"Tuesday, August 29, 2017",586," $2,123.00 ",3,63.5,0,0,0,FA,2
Lunch,"Tuesday, August 29, 2017",454," $1,670.00 ",3,63.5,0,0,0,FA,2
Breakfast,"Tuesday, August 29, 2017",287, $630.00 ,3,63.5,0,0,0,FA,2
Dinner,"Monday, August 28, 2017",605," $2,240.00 ",2,63.5,0,0,0,FA,2
Lunch,"Monday, August 28, 2017",452," $1,756.00 ",2,63.5,0,0,0,FA,2
Breakfast,"Monday, August 28, 2017",268, $608.00 ,2,63.5,0,0,0,FA,2
Dinner,"Sunday, August 27, 2017",508," $1,886.00 ",1,62.5,0,0,0,FA,2
Lunch,"Sunday, August 27, 2017",410," $1,634.00 ",1,62.5,0,0,0,FA,2
Breakfast,"Sunday, August 27, 2017",90, $207.00 ,1,62.5,0,0,0,FA,2
Dinner,"Saturday, August 26, 2017",444," $1,673.00 ",7,61.5,0,0,0,FA,1
Lunch,"Saturday, August 26, 2017",392," $1,422.00 ",7,61.5,0,0,0,FA,1
Breakfast,"Saturday, August 26, 2017",138, $303.00 ,7,61.5,0,0,0,FA,1
Lunch,"Friday, August 25, 2017",424," $1,663.00 ",6,65,0.04,0,0,FA,1
Dinner,"Friday, August 25, 2017",466," $1,617.00 ",6,65,0.04,0,0,FA,1
Breakfast,"Friday, August 25, 2017",255, $615.00 ,6,65,0.04,0,0,FA,1
Dinner,"Thursday, August 24, 2017",520," $1,903.00 ",5,65,0,0,0,FA,1
Lunch,"Thursday, August 24, 2017",463," $1,764.00 ",5,65,0,0,0,FA,1
Breakfast,"Thursday, August 24, 2017",278, $650.00 ,5,65,0,0,0,FA,1
Dinner,"Wednesday, August 23, 2017",534," $1,986.00 ",4,75.5,0.23,0,1,FA,1
Lunch,"Wednesday, August 23, 2017",416," $1,623.00 ",4,75.5,0.23,0,1,FA,1
Breakfast,"Wednesday, August 23, 2017",261, $650.00 ,4,75.5,0.23,0,1,FA,1
Dinner,"Tuesday, August 22, 2017",482," $1,808.00 ",3,73.5,0,0,0,FA,1
Lunch,"Tuesday, August 22, 2017",360," $1,337.00 ",3,73.5,0,0,0,FA,1
Breakfast,"Tuesday, August 22, 2017",260, $560.00 ,3,73.5,0,0,0,FA,1
Lunch,"Monday, August 21, 2017",381," $1,545.00 ",2,70,0,0,0,FA,1
Dinner,"Monday, August 21, 2017",424," $1,423.00 ",2,70,0,0,0,FA,1
Breakfast,"Monday, August 21, 2017",246, $507.00 ,2,70,0,0,0,FA,1
Dinner,"Thursday, May 4, 2017",506," $1,725.00 ",5,51.5,0,0,0,SP,16
Lunch,"Thursday, May 4, 2017",441," $1,569.00 ",5,51.5,0,0,0,SP,16
Breakfast,"Thursday, May 4, 2017",381, $885.00 ,5,51.5,0,0,0,SP,16
Dinner,"Wednesday, May 3, 2017",684," $2,332.00 ",4,51.5,0.03,0,0,SP,16
Lunch,"Wednesday, May 3, 2017",569," $1,933.00 ",4,51.5,0.03,0,0,SP,16
Breakfast,"Wednesday, May 3, 2017",432, $999.00 ,4,51.5,0.03,0,0,SP,16
Dinner,"Tuesday, May 2, 2017",737," $2,556.00 ",3,64,0.56,0,1,SP,16
Lunch,"Tuesday, May 2, 2017",584," $2,051.00 ",3,64,0.56,0,1,SP,16
Breakfast,"Tuesday, May 2, 2017",385, $855.00 ,3,64,0.56,0,1,SP,16
Dinner,"Monday, May 1, 2017",783," $2,823.00 ",2,66.5,0,0,0,SP,16
Lunch,"Monday, May 1, 2017",625," $2,157.00 ",2,66.5,0,0,0,SP,16
Breakfast,"Monday, May 1, 2017",406, $874.00 ,2,66.5,0,0,0,SP,16
Dinner,"Sunday, April 30, 2017",764," $2,680.00 ",1,64.5,0.01,0,0,SP,16
Lunch,"Sunday, April 30, 2017",547," $1,833.00 ",1,64.5,0.01,0,0,SP,16
Breakfast,"Sunday, April 30, 2017",210, $481.00 ,1,64.5,0.01,0,0,SP,16
Dinner,"Saturday, April 29, 2017",713," $2,532.00 ",7,64.5,0.26,0,0,SP,15
Lunch,"Saturday, April 29, 2017",530," $1,687.00 ",7,64.5,0.26,0,0,SP,15
Breakfast,"Saturday, April 29, 2017",205, $442.00 ,7,64.5,0.26,0,0,SP,15
Dinner,"Friday, April 28, 2017",693," $2,218.00 ",6,64.5,0.67,0,1,SP,15
Lunch,"Friday, April 28, 2017",566," $1,851.00 ",6,64.5,0.67,0,1,SP,15
Breakfast,"Friday, April 28, 2017",372, $792.00 ,6,64.5,0.67,0,1,SP,15
Dinner,"Thursday, April 27, 2017",628," $2,115.00 ",5,62.5,0.01,0,0,SP,15
Lunch,"Thursday, April 27, 2017",608," $2,054.00 ",5,62.5,0.01,0,0,SP,15
Breakfast,"Thursday, April 27, 2017",345, $731.00 ,5,62.5,0.01,0,0,SP,15
Dinner,"Wednesday, April 26, 2017",810," $2,766.00 ",4,53.5,0.11,0,0,SP,15
Lunch,"Wednesday, April 26, 2017",533," $1,737.00 ",4,53.5,0.11,0,0,SP,15
Breakfast,"Wednesday, April 26, 2017",345, $719.00 ,4,53.5,0.11,0,0,SP,15
Dinner,"Tuesday, April 25, 2017",753," $2,700.00 ",3,53,0.02,0,0,SP,15
Lunch,"Tuesday, April 25, 2017",579," $1,947.00 ",3,53,0.02,0,0,SP,15
Breakfast,"Tuesday, April 25, 2017",363, $741.00 ,3,53,0.02,0,0,SP,15
Dinner,"Monday, April 24, 2017",788," $2,668.00 ",2,53.5,0,0,0,SP,15
Lunch,"Monday, April 24, 2017",589," $1,981.00 ",2,53.5,0,0,0,SP,15
Breakfast,"Monday, April 24, 2017",343, $690.00 ,2,53.5,0,0,0,SP,15
Dinner,"Sunday, April 23, 2017",709," $2,432.00 ",1,45.5,0.09,0,0,SP,15
Lunch,"Sunday, April 23, 2017",500," $1,697.00 ",1,45.5,0.09,0,0,SP,15
Breakfast,"Sunday, April 23, 2017",161, $377.00 ,1,45.5,0.09,0,0,SP,15
Dinner,"Saturday, April 22, 2017",671," $2,570.00 ",7,58.5,0.11,0,0,SP,14
Lunch,"Saturday, April 22, 2017",436," $1,553.00 ",7,58.5,0.11,0,0,SP,14
Breakfast,"Saturday, April 22, 2017",256, $592.00 ,7,58.5,0.11,0,0,SP,14
Dinner,"Friday, April 21, 2017",786," $2,817.00 ",6,66,0.22,0,1,SP,14
Lunch,"Friday, April 21, 2017",554," $1,923.00 ",6,66,0.22,0,1,SP,14
Breakfast,"Friday, April 21, 2017",343, $640.00 ,6,66,0.22,0,1,SP,14
Dinner,"Thursday, April 20, 2017",760," $2,588.00 ",5,52,0.24,0,0,SP,14
Lunch,"Thursday, April 20, 2017",579," $1,909.00 ",5,52,0.24,0,0,SP,14
Breakfast,"Thursday, April 20, 2017",384, $823.00 ,5,52,0.24,0,0,SP,14
Dinner,"Wednesday, April 19, 2017",823," $2,783.00 ",4,58.5,0,0,0,SP,14
Lunch,"Wednesday, April 19, 2017",502," $1,661.00 ",4,58.5,0,0,0,SP,14
Breakfast,"Wednesday, April 19, 2017",379, $743.00 ,4,58.5,0,0,0,SP,14
Dinner,"Tuesday, April 18, 2017",770," $2,625.00 ",3,55.5,0,0,0,SP,14
Lunch,"Tuesday, April 18, 2017",564," $1,830.00 ",3,55.5,0,0,0,SP,14
Breakfast,"Tuesday, April 18, 2017",374, $776.00 ,3,55.5,0,0,0,SP,14
Dinner,"Monday, April 17, 2017",782," $2,602.00 ",2,67.5,0.22,0,0,SP,14
Lunch,"Monday, April 17, 2017",530," $1,674.00 ",2,67.5,0.22,0,0,SP,14
Breakfast,"Monday, April 17, 2017",360, $710.00 ,2,67.5,0.22,0,0,SP,14
Dinner,"Sunday, April 16, 2017",670," $2,280.00 ",1,66.5,0.11,0,0,SP,14
Lunch,"Sunday, April 16, 2017",341," $1,133.00 ",1,66.5,0.11,0,0,SP,14
Breakfast,"Sunday, April 16, 2017",90, $201.00 ,1,66.5,0.11,0,0,SP,14
Dinner,"Saturday, April 15, 2017",516," $1,721.00 ",7,56,0,0,0,SP,13
Lunch,"Saturday, April 15, 2017",338," $1,122.00 ",7,56,0,0,0,SP,13
Breakfast,"Saturday, April 15, 2017",116, $306.00 ,7,56,0,0,0,SP,13
Dinner,"Friday, April 14, 2017",562," $1,835.00 ",6,51,0,0,0,SP,13
Lunch,"Friday, April 14, 2017",507," $1,748.00 ",6,51,0,0,0,SP,13
Breakfast,"Friday, April 14, 2017",344, $724.00 ,6,51,0,0,0,SP,13
Dinner,"Thursday, April 13, 2017",747," $2,442.00 ",5,54,0,0,0,SP,13
Lunch,"Thursday, April 13, 2017",565," $1,919.00 ",5,54,0,0,0,SP,13
Breakfast,"Thursday, April 13, 2017",392, $818.00 ,5,54,0,0,0,SP,13
Dinner,"Wednesday, April 12, 2017",838," $2,880.00 ",4,66,0.13,0,0,SP,13
Lunch,"Wednesday, April 12, 2017",578," $1,886.00 ",4,66,0.13,0,0,SP,13
Breakfast,"Wednesday, April 12, 2017",376, $814.00 ,4,66,0.13,0,0,SP,13
Dinner,"Tuesday, April 11, 2017",880," $2,877.00 ",3,65.5,0,0,0,SP,13
Lunch,"Tuesday, April 11, 2017",597," $1,911.00 ",3,65.5,0,0,0,SP,13
Breakfast,"Tuesday, April 11, 2017",402, $857.00 ,3,65.5,0,0,0,SP,13
Dinner,"Monday, April 10, 2017",857," $2,797.00 ",2,53.5,0,0,0,SP,13
Lunch,"Monday, April 10, 2017",523," $1,665.00 ",2,53.5,0,0,0,SP,13
Breakfast,"Monday, April 10, 2017",363, $713.00 ,2,53.5,0,0,0,SP,13
Dinner,"Sunday, April 9, 2017",774," $2,630.00 ",1,43.5,0,0,0,SP,13
Lunch,"Sunday, April 9, 2017",503," $1,661.00 ",1,43.5,0,0,0,SP,13
Breakfast,"Sunday, April 9, 2017",107, $260.00 ,1,43.5,0,0,0,SP,13
Dinner,"Saturday, April 8, 2017",692," $2,344.00 ",7,34,0.04,0,1,SP,12
Lunch,"Saturday, April 8, 2017",486," $1,662.00 ",7,34,0.04,0,1,SP,12
Breakfast,"Saturday, April 8, 2017",154, $364.00 ,7,34,0.04,0,1,SP,12
Dinner,"Friday, April 7, 2017",624," $2,126.00 ",6,42,0.78,0,0,SP,12
Lunch,"Friday, April 7, 2017",515," $1,716.00 ",6,42,0.78,0,0,SP,12
Breakfast,"Friday, April 7, 2017",339, $731.00 ,6,42,0.78,0,0,SP,12
Dinner,"Thursday, April 6, 2017",795," $2,678.00 ",5,56,0.02,0,0,SP,12
Lunch,"Thursday, April 6, 2017",537," $1,820.00 ",5,56,0.02,0,0,SP,12
Breakfast,"Thursday, April 6, 2017",379, $811.00 ,5,56,0.02,0,0,SP,12
Dinner,"Wednesday, April 5, 2017",815," $2,830.00 ",4,56,0.11,0,0,SP,12
Lunch,"Wednesday, April 5, 2017",598," $1,929.00 ",4,56,0.11,0,0,SP,12
Breakfast,"Wednesday, April 5, 2017",371, $788.00 ,4,56,0.11,0,0,SP,12
Dinner,"Tuesday, April 4, 2017",879," $3,018.00 ",3,54,0.28,0,0,SP,12
Lunch,"Tuesday, April 4, 2017",549," $1,917.00 ",3,54,0.28,0,0,SP,12
Breakfast,"Tuesday, April 4, 2017",365, $719.00 ,3,54,0.28,0,0,SP,12
Dinner,"Monday, April 3, 2017",851," $2,851.00 ",2,48.5,0,0,0,SP,12
Lunch,"Monday, April 3, 2017",538," $1,807.00 ",2,48.5,0,0,0,SP,12
Breakfast,"Monday, April 3, 2017",349, $690.00 ,2,48.5,0,0,0,SP,12
Dinner,"Sunday, April 2, 2017",826," $2,801.00 ",1,41.5,0,0,0,SP,12
Lunch,"Sunday, April 2, 2017",477," $1,598.00 ",1,41.5,0,0,0,SP,12
Breakfast,"Sunday, April 2, 2017",125, $305.00 ,1,41.5,0,0,0,SP,12
Dinner,"Saturday, April 1, 2017",668," $2,285.00 ",7,40.5,0.88,0,0,SP,11
Lunch,"Saturday, April 1, 2017",492," $1,640.00 ",7,40.5,0.88,0,0,SP,11
Breakfast,"Saturday, April 1, 2017",120, $274.00 ,7,40.5,0.88,0,0,SP,11
Dinner,"Friday, March 31, 2017",678," $2,262.00 ",6,41,0.15,0,1,SP,11
Lunch,"Friday, March 31, 2017",491," $1,690.00 ",6,41,0.15,0,1,SP,11
Breakfast,"Friday, March 31, 2017",317, $689.00 ,6,41,0.15,0,1,SP,11
Dinner,"Thursday, March 30, 2017",804," $2,747.00 ",5,46.5,0,0,0,SP,11
Lunch,"Thursday, March 30, 2017",525," $1,789.00 ",5,46.5,0,0,0,SP,11
Breakfast,"Thursday, March 30, 2017",376, $770.00 ,5,46.5,0,0,0,SP,11
Dinner,"Wednesday, March 29, 2017",857," $2,892.00 ",4,50.5,0.24,0,0,SP,11
Lunch,"Wednesday, March 29, 2017",534," $1,761.00 ",4,50.5,0.24,0,0,SP,11
Breakfast,"Wednesday, March 29, 2017",353, $729.00 ,4,50.5,0.24,0,0,SP,11
Dinner,"Tuesday, March 28, 2017",799," $2,728.00 ",3,55.5,0.1,0,0,SP,11
Lunch,"Tuesday, March 28, 2017",544," $1,828.00 ",3,55.5,0.1,0,0,SP,11
Breakfast,"Tuesday, March 28, 2017",354, $738.00 ,3,55.5,0.1,0,0,SP,11
Dinner,"Monday, March 27, 2017",748," $2,595.00 ",2,43,0.4,0,0,SP,11
Lunch,"Monday, March 27, 2017",521," $1,684.00 ",2,43,0.4,0,0,SP,11
Breakfast,"Monday, March 27, 2017",360, $683.00 ,2,43,0.4,0,0,SP,11
Dinner,"Sunday, March 26, 2017",798," $2,636.00 ",1,56.5,0,0,0,SP,11
Lunch,"Sunday, March 26, 2017",526," $1,766.00 ",1,56.5,0,0,0,SP,11
Breakfast,"Sunday, March 26, 2017",109, $264.00 ,1,56.5,0,0,0,SP,11
Dinner,"Saturday, March 25, 2017",663," $2,314.00 ",7,50,0,0,0,SP,10
Lunch,"Saturday, March 25, 2017",493," $1,669.00 ",7,50,0,0,0,SP,10
Breakfast,"Saturday, March 25, 2017",133, $361.00 ,7,50,0,0,0,SP,10
Dinner,"Friday, March 24, 2017",604," $2,107.00 ",6,32,0.02,0,0,SP,10
Lunch,"Friday, March 24, 2017",502," $1,650.00 ",6,32,0.02,0,0,SP,10
Breakfast,"Friday, March 24, 2017",320, $665.00 ,6,32,0.02,0,0,SP,10
Dinner,"Thursday, March 23, 2017",749," $2,604.00 ",5,26,0,0,0,SP,10
Lunch,"Thursday, March 23, 2017",558," $1,985.00 ",5,26,0,0,0,SP,10
Breakfast,"Thursday, March 23, 2017",390, $822.00 ,5,26,0,0,0,SP,10
Dinner,"Wednesday, March 22, 2017",781," $2,651.00 ",4,41.5,0,0,0,SP,10
Lunch,"Wednesday, March 22, 2017",555," $1,898.00 ",4,41.5,0,0,0,SP,10
Breakfast,"Wednesday, March 22, 2017",383, $784.00 ,4,41.5,0,0,0,SP,10
Dinner,"Tuesday, March 21, 2017",752," $2,573.00 ",3,36,0.07,0,0,SP,10
Lunch,"Tuesday, March 21, 2017",552," $1,837.00 ",3,36,0.07,0,0,SP,10
Breakfast,"Tuesday, March 21, 2017",394, $838.00 ,3,36,0.07,0,0,SP,10
Dinner,"Monday, March 20, 2017",769," $2,623.00 ",2,33.5,0,0,0,SP,10
Lunch,"Monday, March 20, 2017",510," $1,729.00 ",2,33.5,0,0,0,SP,10
Breakfast,"Monday, March 20, 2017",354, $729.00 ,2,33.5,0,0,0,SP,10
Dinner,"Sunday, March 19, 2017",773," $2,709.00 ",1,35.5,0.28,0.6,0,SP,10
Lunch,"Sunday, March 19, 2017",519," $1,766.00 ",1,35.5,0.28,0.6,0,SP,10
Breakfast,"Sunday, March 19, 2017",112, $267.00 ,1,35.5,0.28,0.6,0,SP,10
Dinner,"Saturday, March 18, 2017",698," $2,385.00 ",7,34,0,0,0,SP,9
Lunch,"Saturday, March 18, 2017",504," $1,750.00 ",7,34,0,0,0,SP,9
Breakfast,"Saturday, March 18, 2017",143, $303.00 ,7,34,0,0,0,SP,9
Dinner,"Friday, March 17, 2017",668," $2,268.00 ",6,27,0,0,0,SP,9
Lunch,"Friday, March 17, 2017",490," $1,676.00 ",6,27,0,0,0,SP,9
Breakfast,"Friday, March 17, 2017",332, $668.00 ,6,27,0,0,0,SP,9
Dinner,"Thursday, March 16, 2017",796," $2,722.00 ",5,20,0.03,0.3,0,SP,9
Lunch,"Thursday, March 16, 2017",554," $1,905.00 ",5,20,0.03,0.3,0,SP,9
Breakfast,"Thursday, March 16, 2017",388, $822.00 ,5,20,0.03,0.3,0,SP,9
Dinner,"Wednesday, March 15, 2017",774," $2,694.00 ",4,20.5,0.24,3.8,0,SP,9
Lunch,"Wednesday, March 15, 2017",513," $1,771.00 ",4,20.5,0.24,3.8,0,SP,9
Breakfast,"Wednesday, March 15, 2017",330, $693.00 ,4,20.5,0.24,3.8,0,SP,9
Dinner,"Tuesday, March 14, 2017",653," $2,286.00 ",3,24,0.51,6.3,0,SP,9
Lunch,"Tuesday, March 14, 2017",534," $1,787.00 ",3,24,0.51,6.3,0,SP,9
Breakfast,"Tuesday, March 14, 2017",133, $315.00 ,3,24,0.51,6.3,0,SP,9
Dinner,"Monday, March 13, 2017",510," $2,154.00 ",2,19.5,0,0,0,SP,9
Lunch,"Monday, March 13, 2017",540," $1,814.00 ",2,19.5,0,0,0,SP,9
Breakfast,"Monday, March 13, 2017",324, $680.00 ,2,19.5,0,0,0,SP,9
Dinner,"Sunday, March 12, 2017",219, $774.00 ,1,18.5,0,0,0,SP,9
Lunch,"Sunday, March 12, 2017",191, $651.00 ,1,18.5,0,0,0,SP,9
Breakfast,"Sunday, March 12, 2017",14, $48.00 ,1,18.5,0,0,0,SP,9
Lunch,"Friday, March 3, 2017",480," $1,603.00 ",6,30,0,0,0,SP,8
Breakfast,"Friday, March 3, 2017",363, $715.00 ,6,30,0,0,0,SP,8
Dinner,"Friday, March 3, 2017",158, $524.00 ,6,30,0,0,0,SP,8
Dinner,"Thursday, March 2, 2017",768," $2,651.00 ",5,46,0.2,0,0,SP,8
Lunch,"Thursday, March 2, 2017",571," $1,981.00 ",5,46,0.2,0,0,SP,8
Breakfast,"Thursday, March 2, 2017",410, $906.00 ,5,46,0.2,0,0,SP,8
Dinner,"Wednesday, March 1, 2017",703," $2,279.00 ",4,45.5,0.15,0,1,SP,8
Lunch,"Wednesday, March 1, 2017",530," $1,811.00 ",4,45.5,0.15,0,1,SP,8
Breakfast,"Wednesday, March 1, 2017",359, $743.00 ,4,45.5,0.15,0,1,SP,8
Dinner,"Tuesday, February 28, 2017",830," $2,915.00 ",3,38.5,0,0,0,SP,8
Lunch,"Tuesday, February 28, 2017",571," $1,996.00 ",3,38.5,0,0,0,SP,8
Breakfast,"Tuesday, February 28, 2017",434, $918.00 ,3,38.5,0,0,0,SP,8
Dinner,"Monday, February 27, 2017",782," $2,676.00 ",2,30,0,0,0,SP,8
Lunch,"Monday, February 27, 2017",537," $1,829.00 ",2,30,0,0,0,SP,8
Breakfast,"Monday, February 27, 2017",388, $795.00 ,2,30,0,0,0,SP,8
Dinner,"Sunday, February 26, 2017",748," $2,557.00 ",1,43,0.36,0,0,SP,8
Lunch,"Sunday, February 26, 2017",520," $1,883.00 ",1,43,0.36,0,0,SP,8
Breakfast,"Sunday, February 26, 2017",151, $363.00 ,1,43,0.36,0,0,SP,8
Dinner,"Saturday, February 25, 2017",601," $2,100.00 ",7,63,0,0,0,SP,7
Lunch,"Saturday, February 25, 2017",520," $1,892.00 ",7,63,0,0,0,SP,7
Breakfast,"Saturday, February 25, 2017",181, $426.00 ,7,63,0,0,0,SP,7
Dinner,"Friday, February 24, 2017",645," $2,222.00 ",6,57.5,0,0,0,SP,7
Lunch,"Friday, February 24, 2017",492," $1,622.00 ",6,57.5,0,0,0,SP,7
Breakfast,"Friday, February 24, 2017",353, $732.00 ,6,57.5,0,0,0,SP,7
Dinner,"Thursday, February 23, 2017",757," $2,618.00 ",5,53.5,0,0,0,SP,7
Lunch,"Thursday, February 23, 2017",524," $1,766.00 ",5,53.5,0,0,0,SP,7
Breakfast,"Thursday, February 23, 2017",407, $866.00 ,5,53.5,0,0,0,SP,7
Dinner,"Wednesday, February 22, 2017",788," $2,747.00 ",4,43.5,0,0,0,SP,7
Lunch,"Wednesday, February 22, 2017",526," $1,778.00 ",4,43.5,0,0,0,SP,7
Breakfast,"Wednesday, February 22, 2017",387, $745.00 ,4,43.5,0,0,0,SP,7
Dinner,"Tuesday, February 21, 2017",742," $2,544.00 ",3,45.5,0,0,0,SP,7
Lunch,"Tuesday, February 21, 2017",540," $1,879.00 ",3,45.5,0,0,0,SP,7
Breakfast,"Tuesday, February 21, 2017",382, $814.00 ,3,45.5,0,0,0,SP,7
Dinner,"Monday, February 20, 2017",734," $2,502.00 ",2,51.5,0,0,0,SP,7
Lunch,"Monday, February 20, 2017",527," $1,834.00 ",2,51.5,0,0,0,SP,7
Breakfast,"Monday, February 20, 2017",362, $737.00 ,2,51.5,0,0,0,SP,7
Dinner,"Sunday, February 19, 2017",727," $2,484.00 ",1,49,0,0,0,SP,7
Lunch,"Sunday, February 19, 2017",412," $1,468.00 ",1,49,0,0,0,SP,7
Breakfast,"Sunday, February 19, 2017",92, $252.00 ,1,49,0,0,0,SP,7
Dinner,"Saturday, February 18, 2017",637," $2,199.00 ",7,32.5,0,0,0,SP,6
Lunch,"Saturday, February 18, 2017",547," $2,003.00 ",7,32.5,0,0,0,SP,6
Breakfast,"Saturday, February 18, 2017",154, $351.00 ,7,32.5,0,0,0,SP,6
Dinner,"Friday, February 17, 2017",705," $2,572.00 ",6,24,0,0,0,SP,6
Lunch,"Friday, February 17, 2017",554," $1,947.00 ",6,24,0,0,0,SP,6
Breakfast,"Friday, February 17, 2017",363, $803.00 ,6,24,0,0,0,SP,6
Dinner,"Thursday, February 16, 2017",616," $2,143.00 ",5,33.5,0.01,0.1,0,SP,6
Lunch,"Thursday, February 16, 2017",513," $1,831.00 ",5,33.5,0.01,0.1,0,SP,6
Breakfast,"Thursday, February 16, 2017",422, $951.00 ,5,33.5,0.01,0.1,0,SP,6
Dinner,"Wednesday, February 15, 2017",817," $2,780.00 ",4,35,0,0,0,SP,6
Lunch,"Wednesday, February 15, 2017",523," $1,812.00 ",4,35,0,0,0,SP,6
Breakfast,"Wednesday, February 15, 2017",354, $749.00 ,4,35,0,0,0,SP,6
Dinner,"Tuesday, February 14, 2017",712," $2,345.00 ",3,25.5,0,0,0,SP,6
Lunch,"Tuesday, February 14, 2017",536," $1,826.00 ",3,25.5,0,0,0,SP,6
Breakfast,"Tuesday, February 14, 2017",384, $805.00 ,3,25.5,0,0,0,SP,6
Dinner,"Monday, February 13, 2017",756," $2,545.00 ",2,36.5,0.16,0,1,SP,6
Lunch,"Monday, February 13, 2017",559," $1,965.00 ",2,36.5,0.16,0,1,SP,6
Breakfast,"Monday, February 13, 2017",370, $791.00 ,2,36.5,0.16,0,1,SP,6
Dinner,"Sunday, February 12, 2017",744," $2,683.00 ",1,41.5,0.2,0,0,SP,6
Lunch,"Sunday, February 12, 2017",485," $1,681.00 ",1,41.5,0.2,0,0,SP,6
Breakfast,"Sunday, February 12, 2017",94, $237.00 ,1,41.5,0.2,0,0,SP,6
Dinner,"Saturday, February 11, 2017",706," $2,423.00 ",7,22.5,0,0,0,SP,5
Lunch,"Saturday, February 11, 2017",474," $1,643.00 ",7,22.5,0,0,0,SP,5
Breakfast,"Saturday, February 11, 2017",136, $318.00 ,7,22.5,0,0,0,SP,5
Dinner,"Friday, February 10, 2017",654," $2,256.00 ",6,21,0.04,0.5,0,SP,5
Lunch,"Friday, February 10, 2017",494," $1,754.00 ",6,21,0.04,0.5,0,SP,5
Breakfast,"Friday, February 10, 2017",368, $776.00 ,6,21,0.04,0.5,0,SP,5
Dinner,"Thursday, February 9, 2017",776," $2,697.00 ",5,38.5,0.7,5.7,1,SP,5
Lunch,"Thursday, February 9, 2017",602," $2,151.00 ",5,38.5,0.7,5.7,1,SP,5
Breakfast,"Thursday, February 9, 2017",332, $795.00 ,5,38.5,0.7,5.7,1,SP,5
Dinner,"Wednesday, February 8, 2017",768," $2,653.00 ",4,44.5,0.22,0,0,SP,5
Lunch,"Wednesday, February 8, 2017",503," $1,637.00 ",4,44.5,0.22,0,0,SP,5
Breakfast,"Wednesday, February 8, 2017",366, $808.00 ,4,44.5,0.22,0,0,SP,5
Dinner,"Tuesday, February 7, 2017",749," $2,622.00 ",3,40,0.07,0,0,SP,5
Lunch,"Tuesday, February 7, 2017",568," $2,047.00 ",3,40,0.07,0,0,SP,5
Breakfast,"Tuesday, February 7, 2017",407, $916.00 ,3,40,0.07,0,0,SP,5
Dinner,"Monday, February 6, 2017",751," $2,603.00 ",2,34,0,0,0,SP,5
Lunch,"Monday, February 6, 2017",509," $1,784.00 ",2,34,0,0,0,SP,5
Breakfast,"Monday, February 6, 2017",359, $741.00 ,2,34,0,0,0,SP,5
Dinner,"Sunday, February 5, 2017",647," $2,204.00 ",1,23,0,0,0,SP,5
Lunch,"Sunday, February 5, 2017",533," $1,878.00 ",1,23,0,0,0,SP,5
Breakfast,"Sunday, February 5, 2017",110, $285.00 ,1,23,0,0,0,SP,5
Dinner,"Saturday, February 4, 2017",615," $2,196.00 ",7,20.5,0,0,0,SP,4
Lunch,"Saturday, February 4, 2017",511," $1,875.00 ",7,20.5,0,0,0,SP,4
Breakfast,"Saturday, February 4, 2017",130, $315.00 ,7,20.5,0,0,0,SP,4
Dinner,"Friday, February 3, 2017",637," $2,238.00 ",6,24.5,0,0,0,SP,4
Lunch,"Friday, February 3, 2017",521," $1,880.00 ",6,24.5,0,0,0,SP,4
Breakfast,"Friday, February 3, 2017",339, $666.00 ,6,24.5,0,0,0,SP,4
Dinner,"Thursday, February 2, 2017",757," $2,579.00 ",5,34.5,0.02,0,0,SP,4
Lunch,"Thursday, February 2, 2017",557," $1,974.00 ",5,34.5,0.02,0,0,SP,4
Breakfast,"Thursday, February 2, 2017",431, $904.00 ,5,34.5,0.02,0,0,SP,4
Dinner,"Wednesday, February 1, 2017",808," $2,729.00 ",4,31,0.23,3.2,0,SP,4
Lunch,"Wednesday, February 1, 2017",518," $1,759.00 ",4,31,0.23,3.2,0,SP,4
Breakfast,"Wednesday, February 1, 2017",372, $773.00 ,4,31,0.23,3.2,0,SP,4
Dinner,"Tuesday, January 31, 2017",611," $2,175.00 ",3,24.5,0.04,0.6,0,SP,4
Lunch,"Tuesday, January 31, 2017",563," $1,928.00 ",3,24.5,0.04,0.6,0,SP,4
Breakfast,"Tuesday, January 31, 2017",414, $855.00 ,3,24.5,0.04,0.6,0,SP,4
Dinner,"Monday, January 30, 2017",785," $2,710.00 ",2,27.5,0,0,0,SP,4
Lunch,"Monday, January 30, 2017",493," $1,716.00 ",2,27.5,0,0,0,SP,4
Breakfast,"Monday, January 30, 2017",369, $777.00 ,2,27.5,0,0,0,SP,4
Dinner,"Sunday, January 29, 2017",740," $2,539.00 ",1,29.5,0.02,0.4,0,SP,4
Lunch,"Sunday, January 29, 2017",487," $1,651.00 ",1,29.5,0.02,0.4,0,SP,4
Breakfast,"Sunday, January 29, 2017",111, $249.00 ,1,29.5,0.02,0.4,0,SP,4
Dinner,"Saturday, January 28, 2017",659," $2,308.00 ",7,30.5,0,0,0,SP,3
Lunch,"Saturday, January 28, 2017",492," $1,722.00 ",7,30.5,0,0,0,SP,3
Breakfast,"Saturday, January 28, 2017",130, $281.00 ,7,30.5,0,0,0,SP,3
Dinner,"Friday, January 27, 2017",647," $2,244.00 ",6,37.5,0,0,0,SP,3
Lunch,"Friday, January 27, 2017",548," $1,933.00 ",6,37.5,0,0,0,SP,3
Breakfast,"Friday, January 27, 2017",418, $853.00 ,6,37.5,0,0,0,SP,3
Dinner,"Thursday, January 26, 2017",774," $2,671.00 ",5,43.5,0.11,0,0,SP,3
Lunch,"Thursday, January 26, 2017",564," $1,928.00 ",5,43.5,0.11,0,0,SP,3
Breakfast,"Thursday, January 26, 2017",393, $856.00 ,5,43.5,0.11,0,0,SP,3
Dinner,"Wednesday, January 25, 2017",688," $2,385.00 ",4,35.5,0.02,0,0,SP,3
Lunch,"Wednesday, January 25, 2017",497," $1,720.00 ",4,35.5,0.02,0,0,SP,3
Breakfast,"Wednesday, January 25, 2017",382, $802.00 ,4,35.5,0.02,0,0,SP,3
Dinner,"Tuesday, January 24, 2017",766," $2,556.00 ",3,37.5,1.04,2.1,1,SP,3
Lunch,"Tuesday, January 24, 2017",523," $1,744.00 ",3,37.5,1.04,2.1,1,SP,3
Breakfast,"Tuesday, January 24, 2017",396, $862.00 ,3,37.5,1.04,2.1,1,SP,3
Dinner,"Monday, January 23, 2017",765," $2,606.00 ",2,43,0.03,0,0,SP,3
Lunch,"Monday, January 23, 2017",507," $1,748.00 ",2,43,0.03,0,0,SP,3
Breakfast,"Monday, January 23, 2017",338, $703.00 ,2,43,0.03,0,0,SP,3
Dinner,"Sunday, January 22, 2017",699," $2,452.00 ",1,42,0.02,0,0,SP,3
Lunch,"Sunday, January 22, 2017",523," $1,819.00 ",1,42,0.02,0,0,SP,3
Breakfast,"Sunday, January 22, 2017",104, $226.00 ,1,42,0.02,0,0,SP,3
Lunch,"Saturday, January 21, 2017",637," $2,328.00 ",7,35,0.15,0,0,SP,2
Dinner,"Saturday, January 21, 2017",661," $2,310.00 ",7,35,0.15,0,0,SP,2
Breakfast,"Saturday, January 21, 2017",136, $295.00 ,7,35,0.15,0,0,SP,2
Dinner,"Friday, January 20, 2017",653," $2,248.00 ",6,34.5,0,0,0,SP,2
Lunch,"Friday, January 20, 2017",547," $1,993.00 ",6,34.5,0,0,0,SP,2
Breakfast,"Friday, January 20, 2017",317, $612.00 ,6,34.5,0,0,0,SP,2
Dinner,"Thursday, January 19, 2017",693," $2,386.00 ",5,40.5,0.02,0,0,SP,2
Lunch,"Thursday, January 19, 2017",598," $2,066.00 ",5,40.5,0.02,0,0,SP,2
Breakfast,"Thursday, January 19, 2017",420, $896.00 ,5,40.5,0.02,0,0,SP,2
Dinner,"Wednesday, January 18, 2017",728," $2,575.00 ",4,37.5,0.08,0,0,SP,2
Lunch,"Wednesday, January 18, 2017",530," $1,753.00 ",4,37.5,0.08,0,0,SP,2
Breakfast,"Wednesday, January 18, 2017",384, $791.00 ,4,37.5,0.08,0,0,SP,2
Dinner,"Tuesday, January 17, 2017",763," $2,644.00 ",3,26.5,0.04,0,0,SP,2
Lunch,"Tuesday, January 17, 2017",530," $1,827.00 ",3,26.5,0.04,0,0,SP,2
Breakfast,"Tuesday, January 17, 2017",395, $797.00 ,3,26.5,0.04,0,0,SP,2
Dinner,"Monday, January 16, 2017",700," $2,365.00 ",2,27,0,0,0,SP,2
Lunch,"Monday, January 16, 2017",535," $1,820.00 ",2,27,0,0,0,SP,2
Breakfast,"Monday, January 16, 2017",184, $415.00 ,2,27,0,0,0,SP,2
Dinner,"Sunday, January 15, 2017",702," $2,464.00 ",1,26,0.04,0.5,0,SP,2
Lunch,"Sunday, January 15, 2017",561," $2,013.00 ",1,26,0.04,0.5,0,SP,2
Breakfast,"Sunday, January 15, 2017",101, $274.00 ,1,26,0.04,0.5,0,SP,2
Dinner,"Saturday, January 14, 2017",685," $2,408.00 ",7,31.5,0,0,0,SP,1
Lunch,"Saturday, January 14, 2017",498," $1,832.00 ",7,31.5,0,0,0,SP,1
Breakfast,"Saturday, January 14, 2017",141, $352.00 ,7,31.5,0,0,0,SP,1
Dinner,"Friday, January 13, 2017",548," $1,917.00 ",6,47.5,0.49,0,0,SP,1
Lunch,"Friday, January 13, 2017",527," $1,835.00 ",6,47.5,0.49,0,0,SP,1
Breakfast,"Friday, January 13, 2017",347, $750.00 ,6,47.5,0.49,0,0,SP,1
Dinner,"Thursday, January 12, 2017",731," $2,543.00 ",5,44.5,0.27,0,0,SP,1
Lunch,"Thursday, January 12, 2017",551," $1,969.00 ",5,44.5,0.27,0,0,SP,1
Breakfast,"Thursday, January 12, 2017",360, $781.00 ,5,44.5,0.27,0,0,SP,1
Dinner,"Wednesday, January 11, 2017",783," $2,747.00 ",4,27.5,0.22,1.1,1,SP,1
Lunch,"Wednesday, January 11, 2017",535," $1,837.00 ",4,27.5,0.22,1.1,1,SP,1
Breakfast,"Wednesday, January 11, 2017",347, $722.00 ,4,27.5,0.22,1.1,1,SP,1
Dinner,"Tuesday, January 10, 2017",709," $2,638.00 ",3,17.5,0,0,0,SP,1
Lunch,"Tuesday, January 10, 2017",542," $1,857.00 ",3,17.5,0,0,0,SP,1
Breakfast,"Tuesday, January 10, 2017",338, $768.00 ,3,17.5,0,0,0,SP,1
Dinner,"Monday, January 9, 2017",2252, $667.00 ,2,12.5,0,0,0,SP,1
Lunch,"Monday, January 9, 2017",1636, $489.00 ,2,12.5,0,0,0,SP,1
Breakfast,"Monday, January 9, 2017",745, $360.00 ,2,12.5,0,0,0,SP,1
