Meal,Date, Revenue ,Day Of Week,Temp,Percipitation Amt,Snow Amount,NOAA Event,Semester,Week Num,Football,Homecoming,Easter
Lunch,"Saturday, December 21, 2019", $721.00 ,7,24,0,0,0,FA,16,0,0,0
Breakfast,"Saturday, December 21, 2019", $220.00 ,7,24,0,0,0,FA,16,0,0,0
Dinner,"Saturday, December 21, 2019", $58.00 ,7,24,0,0,0,FA,16,0,0,0
Lunch,"Friday, December 20, 2019"," $1,715.00 ",6,17.5,0,0,0,FA,16,0,0,0
Dinner,"Friday, December 20, 2019"," $1,397.00 ",6,17.5,0,0,0,FA,16,0,0,0
Breakfast,"Friday, December 20, 2019", $665.00 ,6,17.5,0,0,0,FA,16,0,0,0
Dinner,"Thursday, December 19, 2019"," $3,748.00 ",5,20.5,0.03,0.5,0,FA,16,0,0,0
Lunch,"Thursday, December 19, 2019"," $1,355.00 ",5,20.5,0.03,0.5,0,FA,16,0,0,0
Breakfast,"Thursday, December 19, 2019", $774.00 ,5,20.5,0.03,0.5,0,FA,16,0,0,0
Dinner,"Wednesday, December 18, 2019"," $4,691.00 ",4,28,0.06,0,0,FA,16,0,0,0
Lunch,"Wednesday, December 18, 2019"," $1,760.00 ",4,28,0.06,0,0,FA,16,0,0,0
Breakfast,"Wednesday, December 18, 2019", $821.00 ,4,28,0.06,0,0,FA,16,0,0,0
Dinner,"Tuesday, December 17, 2019"," $6,043.00 ",3,30,0.26,0,1,FA,16,0,0,0
Lunch,"Tuesday, December 17, 2019"," $1,846.00 ",3,30,0.26,0,1,FA,16,0,0,0
Breakfast,"Tuesday, December 17, 2019", $753.00 ,3,30,0.26,0,1,FA,16,0,0,0
Dinner,"Monday, December 16, 2019"," $6,213.00 ",2,32,0.02,0.2,0,FA,16,0,0,0
Lunch,"Monday, December 16, 2019"," $1,924.00 ",2,32,0.02,0.2,0,FA,16,0,0,0
Breakfast,"Monday, December 16, 2019", $804.00 ,2,32,0.02,0.2,0,FA,16,0,0,0
Dinner,"Sunday, December 15, 2019"," $6,217.00 ",1,36.5,0.49,0,1,FA,16,0,0,0
Lunch,"Sunday, December 15, 2019"," $1,809.00 ",1,36.5,0.49,0,1,FA,16,0,0,0
Breakfast,"Sunday, December 15, 2019", $352.00 ,1,36.5,0.49,0,1,FA,16,0,0,0
Dinner,"Saturday, December 14, 2019"," $7,332.00 ",7,32.5,0.24,0,1,FA,15,0,0,0
Lunch,"Saturday, December 14, 2019"," $1,905.00 ",7,32.5,0.24,0,1,FA,15,0,0,0
Breakfast,"Saturday, December 14, 2019", $417.00 ,7,32.5,0.24,0,1,FA,15,0,0,0
Dinner,"Friday, December 13, 2019"," $5,814.00 ",6,25,0,0,0,FA,15,0,0,0
Lunch,"Friday, December 13, 2019"," $2,135.00 ",6,25,0,0,0,FA,15,0,0,0
Breakfast,"Friday, December 13, 2019", $606.00 ,6,25,0,0,0,FA,15,0,0,0
Dinner,"Thursday, December 12, 2019"," $6,882.00 ",5,24,0.01,0.1,0,FA,15,0,0,0
Lunch,"Thursday, December 12, 2019"," $1,830.00 ",5,24,0.01,0.1,0,FA,15,0,0,0
Breakfast,"Thursday, December 12, 2019", $780.00 ,5,24,0.01,0.1,0,FA,15,0,0,0
Dinner,"Wednesday, December 11, 2019"," $6,137.00 ",4,40,0.14,0,0,FA,15,0,0,0
Lunch,"Wednesday, December 11, 2019"," $1,972.00 ",4,40,0.14,0,0,FA,15,0,0,0
Breakfast,"Wednesday, December 11, 2019", $728.00 ,4,40,0.14,0,0,FA,15,0,0,0
Dinner,"Tuesday, December 10, 2019"," $6,658.00 ",3,45.5,0.52,0,0,FA,15,0,0,0
Lunch,"Tuesday, December 10, 2019"," $1,656.00 ",3,45.5,0.52,0,0,FA,15,0,0,0
Breakfast,"Tuesday, December 10, 2019", $773.00 ,3,45.5,0.52,0,0,FA,15,0,0,0
Dinner,"Monday, December 9, 2019"," $6,978.00 ",2,31,0.04,0,0,FA,15,0,0,0
Lunch,"Monday, December 9, 2019"," $1,965.00 ",2,31,0.04,0,0,FA,15,0,0,0
Breakfast,"Monday, December 9, 2019", $667.00 ,2,31,0.04,0,0,FA,15,0,0,0
Dinner,"Sunday, December 8, 2019"," $6,437.00 ",1,29.5,0,0,0,FA,15,0,0,0
Lunch,"Sunday, December 8, 2019"," $1,554.00 ",1,29.5,0,0,0,FA,15,0,0,0
Breakfast,"Sunday, December 8, 2019", $195.00 ,1,29.5,0,0,0,FA,15,0,0,0
Dinner,"Saturday, December 7, 2019"," $5,950.00 ",7,37.5,0,0,0,FA,14,0,0,0
Lunch,"Saturday, December 7, 2019"," $1,907.00 ",7,37.5,0,0,0,FA,14,0,0,0
Breakfast,"Saturday, December 7, 2019", $291.00 ,7,37.5,0,0,0,FA,14,0,0,0
Dinner,"Friday, December 6, 2019"," $6,117.00 ",6,32.5,0,0,0,FA,14,0,0,0
Lunch,"Friday, December 6, 2019"," $2,044.00 ",6,32.5,0,0,0,FA,14,0,0,0
Breakfast,"Friday, December 6, 2019", $680.00 ,6,32.5,0,0,0,FA,14,0,0,0
Dinner,"Thursday, December 5, 2019"," $6,101.00 ",5,34,0.02,0,0,FA,14,0,0,0
Lunch,"Thursday, December 5, 2019"," $1,637.00 ",5,34,0.02,0,0,FA,14,0,0,0
Breakfast,"Thursday, December 5, 2019", $915.00 ,5,34,0.02,0,0,FA,14,0,0,0
Dinner,"Wednesday, December 4, 2019"," $6,385.00 ",4,31.5,0,0,0,FA,14,0,0,0
Lunch,"Wednesday, December 4, 2019"," $1,842.00 ",4,31.5,0,0,0,FA,14,0,0,0
Breakfast,"Wednesday, December 4, 2019", $727.00 ,4,31.5,0,0,0,FA,14,0,0,0
Dinner,"Tuesday, December 3, 2019"," $6,529.00 ",3,32,0.09,0,0,FA,14,0,0,0
Lunch,"Tuesday, December 3, 2019"," $1,643.00 ",3,32,0.09,0,0,FA,14,0,0,0
Breakfast,"Tuesday, December 3, 2019", $899.00 ,3,32,0.09,0,0,FA,14,0,0,0
Dinner,"Monday, December 2, 2019"," $6,040.00 ",2,32.5,0.58,1.5,1,FA,14,0,0,0
Lunch,"Monday, December 2, 2019"," $1,744.00 ",2,32.5,0.58,1.5,1,FA,14,0,0,0
Breakfast,"Monday, December 2, 2019", $879.00 ,2,32.5,0.58,1.5,1,FA,14,0,0,0
Dinner,"Friday, November 22, 2019"," $2,025.00 ",6,42.5,0,0,0,FA,13,0,0,0
Lunch,"Friday, November 22, 2019"," $1,781.00 ",6,42.5,0,0,0,FA,13,0,0,0
Breakfast,"Friday, November 22, 2019", $961.00 ,6,42.5,0,0,0,FA,13,0,0,0
Dinner,"Thursday, November 21, 2019"," $5,701.00 ",5,38.5,0,0,0,FA,13,0,0,0
Lunch,"Thursday, November 21, 2019"," $1,677.00 ",5,38.5,0,0,0,FA,13,0,0,0
Breakfast,"Thursday, November 21, 2019", $933.00 ,5,38.5,0,0,0,FA,13,0,0,0
Dinner,"Wednesday, November 20, 2019"," $6,591.00 ",4,38.5,0,0,0,FA,13,0,0,0
Lunch,"Wednesday, November 20, 2019"," $1,813.00 ",4,38.5,0,0,0,FA,13,0,0,0
Breakfast,"Wednesday, November 20, 2019", $879.00 ,4,38.5,0,0,0,FA,13,0,0,0
Dinner,"Tuesday, November 19, 2019"," $7,082.00 ",3,34,0,0,0,FA,13,0,0,0
Lunch,"Tuesday, November 19, 2019"," $1,763.00 ",3,34,0,0,0,FA,13,0,0,0
Breakfast,"Tuesday, November 19, 2019", $897.00 ,3,34,0,0,0,FA,13,0,0,0
Dinner,"Monday, November 18, 2019"," $7,036.00 ",2,33,0,0,0,FA,13,0,0,0
Lunch,"Monday, November 18, 2019"," $1,735.00 ",2,33,0,0,0,FA,13,0,0,0
Breakfast,"Monday, November 18, 2019", $836.00 ,2,33,0,0,0,FA,13,0,0,0
Dinner,"Sunday, November 17, 2019"," $6,871.00 ",1,30.5,0,0,0,FA,13,0,0,0
Lunch,"Sunday, November 17, 2019"," $1,707.00 ",1,30.5,0,0,0,FA,13,0,0,0
Breakfast,"Sunday, November 17, 2019", $253.00 ,1,30.5,0,0,0,FA,13,0,0,0
Dinner,"Saturday, November 16, 2019"," $6,083.00 ",7,37,0,0,0,FA,12,1,0,0
Lunch,"Saturday, November 16, 2019"," $1,457.00 ",7,37,0,0,0,FA,12,1,0,0
Breakfast,"Saturday, November 16, 2019", $859.00 ,7,37,0,0,0,FA,12,1,0,0
Dinner,"Friday, November 15, 2019"," $5,734.00 ",6,31,0,0,0,FA,12,0,0,0
Lunch,"Friday, November 15, 2019"," $2,012.00 ",6,31,0,0,0,FA,12,0,0,0
Breakfast,"Friday, November 15, 2019", $754.00 ,6,31,0,0,0,FA,12,0,0,0
Dinner,"Thursday, November 14, 2019"," $6,396.00 ",5,23.5,0,0,0,FA,12,0,0,0
Lunch,"Thursday, November 14, 2019"," $1,666.00 ",5,23.5,0,0,0,FA,12,0,0,0
Breakfast,"Thursday, November 14, 2019", $762.00 ,5,23.5,0,0,0,FA,12,0,0,0
Dinner,"Wednesday, November 13, 2019"," $6,908.00 ",4,25.5,0,0,0,FA,12,0,0,0
Lunch,"Wednesday, November 13, 2019"," $1,835.00 ",4,25.5,0,0,0,FA,12,0,0,0
Breakfast,"Wednesday, November 13, 2019", $753.00 ,4,25.5,0,0,0,FA,12,0,0,0
Dinner,"Tuesday, November 12, 2019"," $6,523.00 ",3,43.5,0.1,0,0,FA,12,0,0,0
Lunch,"Tuesday, November 12, 2019"," $1,741.00 ",3,43.5,0.1,0,0,FA,12,0,0,0
Breakfast,"Tuesday, November 12, 2019", $921.00 ,3,43.5,0.1,0,0,FA,12,0,0,0
Dinner,"Monday, November 11, 2019"," $6,266.00 ",2,44.5,0,0,0,FA,12,0,0,0
Lunch,"Monday, November 11, 2019"," $2,042.00 ",2,44.5,0,0,0,FA,12,0,0,0
Breakfast,"Monday, November 11, 2019", $751.00 ,2,44.5,0,0,0,FA,12,0,0,0
Dinner,"Sunday, November 10, 2019"," $6,689.00 ",1,29.5,0,0,0,FA,12,0,0,0
Lunch,"Sunday, November 10, 2019"," $1,791.00 ",1,29.5,0,0,0,FA,12,0,0,0
Breakfast,"Sunday, November 10, 2019", $261.00 ,1,29.5,0,0,0,FA,12,0,0,0
Dinner,"Saturday, November 9, 2019"," $6,445.00 ",7,28,0,0,0,FA,11,0,0,0
Lunch,"Saturday, November 9, 2019"," $1,634.00 ",7,28,0,0,0,FA,11,0,0,0
Breakfast,"Saturday, November 9, 2019", $293.00 ,7,28,0,0,0,FA,11,0,0,0
Dinner,"Friday, November 8, 2019"," $5,704.00 ",6,37,0.23,0,0,FA,11,0,0,0
Lunch,"Friday, November 8, 2019"," $2,056.00 ",6,37,0.23,0,0,FA,11,0,0,0
Breakfast,"Friday, November 8, 2019", $761.00 ,6,37,0.23,0,0,FA,11,0,0,0
Dinner,"Thursday, November 7, 2019"," $6,542.00 ",5,43,0.03,0,0,FA,11,0,0,0
Lunch,"Thursday, November 7, 2019"," $1,487.00 ",5,43,0.03,0,0,FA,11,0,0,0
Breakfast,"Thursday, November 7, 2019", $922.00 ,5,43,0.03,0,0,FA,11,0,0,0
Dinner,"Wednesday, November 6, 2019"," $6,908.00 ",4,42.5,0,0,0,FA,11,0,0,0
Lunch,"Wednesday, November 6, 2019"," $1,673.00 ",4,42.5,0,0,0,FA,11,0,0,0
Breakfast,"Wednesday, November 6, 2019", $915.00 ,4,42.5,0,0,0,FA,11,0,0,0
Dinner,"Tuesday, November 5, 2019"," $6,982.00 ",3,41.5,0,0,0,FA,11,0,0,0
Lunch,"Tuesday, November 5, 2019"," $1,835.00 ",3,41.5,0,0,0,FA,11,0,0,0
Breakfast,"Tuesday, November 5, 2019"," $1,023.00 ",3,41.5,0,0,0,FA,11,0,0,0
Dinner,"Monday, November 4, 2019"," $6,360.00 ",2,37.5,0,0,0,FA,11,0,0,0
Lunch,"Monday, November 4, 2019"," $2,026.00 ",2,37.5,0,0,0,FA,11,0,0,0
Breakfast,"Monday, November 4, 2019", $944.00 ,2,37.5,0,0,0,FA,11,0,0,0
Dinner,"Sunday, November 3, 2019"," $6,435.00 ",1,38,0,0,0,FA,11,0,0,0
Lunch,"Sunday, November 3, 2019"," $1,841.00 ",1,38,0,0,0,FA,11,0,0,0
Breakfast,"Sunday, November 3, 2019", $416.00 ,1,38,0,0,0,FA,11,0,0,0
Dinner,"Saturday, November 2, 2019"," $5,912.00 ",7,33,0,0,0,FA,10,0,0,0
Lunch,"Saturday, November 2, 2019"," $1,702.00 ",7,33,0,0,0,FA,10,0,0,0
Breakfast,"Saturday, November 2, 2019", $272.00 ,7,33,0,0,0,FA,10,0,0,0
Dinner,"Friday, November 1, 2019"," $5,253.00 ",6,54,1.28,0,0,FA,10,0,0,0
Lunch,"Friday, November 1, 2019"," $2,065.00 ",6,54,1.28,0,0,FA,10,0,0,0
Breakfast,"Friday, November 1, 2019", $733.00 ,6,54,1.28,0,0,FA,10,0,0,0
Dinner,"Thursday, October 31, 2019"," $5,799.00 ",5,59,0.35,0,0,FA,10,0,0,0
Lunch,"Thursday, October 31, 2019"," $1,658.00 ",5,59,0.35,0,0,FA,10,0,0,0
Breakfast,"Thursday, October 31, 2019", $793.00 ,5,59,0.35,0,0,FA,10,0,0,0
Dinner,"Wednesday, October 30, 2019"," $6,338.00 ",4,57,0,0,0,FA,10,0,0,0
Lunch,"Wednesday, October 30, 2019"," $1,972.00 ",4,57,0,0,0,FA,10,0,0,0
Breakfast,"Wednesday, October 30, 2019", $910.00 ,4,57,0,0,0,FA,10,0,0,0
Dinner,"Tuesday, October 29, 2019"," $6,775.00 ",3,57,0,0,0,FA,10,0,0,0
Lunch,"Tuesday, October 29, 2019"," $1,910.00 ",3,57,0,0,0,FA,10,0,0,0
Breakfast,"Tuesday, October 29, 2019", $894.00 ,3,57,0,0,0,FA,10,0,0,0
Dinner,"Monday, October 28, 2019"," $6,685.00 ",2,55.5,0.1,0,0,FA,10,0,0,0
Lunch,"Monday, October 28, 2019"," $2,105.00 ",2,55.5,0.1,0,0,FA,10,0,0,0
Breakfast,"Monday, October 28, 2019", $788.00 ,2,55.5,0.1,0,0,FA,10,0,0,0
Dinner,"Sunday, October 27, 2019"," $6,775.00 ",1,50.5,1.34,0,0,FA,10,0,0,0
Lunch,"Sunday, October 27, 2019"," $1,480.00 ",1,50.5,1.34,0,0,FA,10,0,0,0
Breakfast,"Sunday, October 27, 2019", $155.00 ,1,50.5,1.34,0,0,FA,10,0,0,0
Dinner,"Saturday, October 26, 2019"," $4,915.00 ",7,51,0,0,0,FA,9,0,0,0
Lunch,"Saturday, October 26, 2019"," $1,565.00 ",7,51,0,0,0,FA,9,0,0,0
Breakfast,"Saturday, October 26, 2019", $346.00 ,7,51,0,0,0,FA,9,0,0,0
Dinner,"Friday, October 25, 2019"," $5,000.00 ",6,52.5,0,0,0,FA,9,0,0,0
Lunch,"Friday, October 25, 2019"," $1,864.00 ",6,52.5,0,0,0,FA,9,0,0,0
Breakfast,"Friday, October 25, 2019", $770.00 ,6,52.5,0,0,0,FA,9,0,0,0
Dinner,"Thursday, October 24, 2019"," $6,756.00 ",5,48,0,0,0,FA,9,0,0,0
Lunch,"Thursday, October 24, 2019"," $1,795.00 ",5,48,0,0,0,FA,9,0,0,0
Breakfast,"Thursday, October 24, 2019"," $1,179.00 ",5,48,0,0,0,FA,9,0,0,0
Dinner,"Wednesday, October 23, 2019"," $6,929.00 ",4,50,1,0,0,FA,9,0,0,0
Breakfast,"Wednesday, October 23, 2019"," $1,000.00 ",4,50,1,0,0,FA,9,0,0,0
Lunch,"Wednesday, October 23, 2019", $839.00 ,4,50,1,0,0,FA,9,0,0,0
Dinner,"Tuesday, October 22, 2019"," $6,904.00 ",3,57.5,0,0,0,FA,9,0,0,0
Lunch,"Tuesday, October 22, 2019"," $1,780.00 ",3,57.5,0,0,0,FA,9,0,0,0
Breakfast,"Tuesday, October 22, 2019"," $1,135.00 ",3,57.5,0,0,0,FA,9,0,0,0
Dinner,"Monday, October 21, 2019"," $7,196.00 ",2,53,0.01,0,0,FA,9,0,0,0
Lunch,"Monday, October 21, 2019"," $1,847.00 ",2,53,0.01,0,0,FA,9,0,0,0
Breakfast,"Monday, October 21, 2019", $883.00 ,2,53,0.01,0,0,FA,9,0,0,0
Dinner,"Sunday, October 20, 2019"," $6,838.00 ",1,47.5,0,0,0,FA,9,0,0,0
Lunch,"Sunday, October 20, 2019"," $1,664.00 ",1,47.5,0,0,0,FA,9,0,0,0
Breakfast,"Sunday, October 20, 2019", $186.00 ,1,47.5,0,0,0,FA,9,0,0,0
Dinner,"Saturday, October 19, 2019"," $5,022.00 ",7,43.5,0,0,0,FA,8,1,0,0
Lunch,"Saturday, October 19, 2019"," $2,128.00 ",7,43.5,0,0,0,FA,8,1,0,0
Breakfast,"Saturday, October 19, 2019", $670.00 ,7,43.5,0,0,0,FA,8,1,0,0
Dinner,"Friday, October 18, 2019"," $5,780.00 ",6,46,0.02,0,0,FA,8,0,0,0
Lunch,"Friday, October 18, 2019"," $1,922.00 ",6,46,0.02,0,0,FA,8,0,0,0
Breakfast,"Friday, October 18, 2019", $716.00 ,6,46,0.02,0,0,FA,8,0,0,0
Dinner,"Thursday, October 17, 2019"," $6,252.00 ",5,50,0.35,0,0,FA,8,0,0,0
Lunch,"Thursday, October 17, 2019"," $1,624.00 ",5,50,0.35,0,0,FA,8,0,0,0
Breakfast,"Thursday, October 17, 2019", $946.00 ,5,50,0.35,0,0,FA,8,0,0,0
Dinner,"Wednesday, October 16, 2019"," $6,215.00 ",4,50.5,0,0,0,FA,8,0,0,0
Lunch,"Wednesday, October 16, 2019"," $1,689.00 ",4,50.5,0,0,0,FA,8,0,0,0
Breakfast,"Wednesday, October 16, 2019", $943.00 ,4,50.5,0,0,0,FA,8,0,0,0
Dinner,"Tuesday, October 15, 2019"," $6,993.00 ",3,50.5,0,0,0,FA,8,0,0,0
Lunch,"Tuesday, October 15, 2019"," $1,690.00 ",3,50.5,0,0,0,FA,8,0,0,0
Breakfast,"Tuesday, October 15, 2019", $919.00 ,3,50.5,0,0,0,FA,8,0,0,0
Dinner,"Monday, October 14, 2019"," $6,617.00 ",2,47.5,0,0,0,FA,8,0,0,0
Lunch,"Monday, October 14, 2019"," $1,996.00 ",2,47.5,0,0,0,FA,8,0,0,0
Breakfast,"Monday, October 14, 2019", $761.00 ,2,47.5,0,0,0,FA,8,0,0,0
Dinner,"Sunday, October 13, 2019"," $5,470.00 ",1,48,0.01,0,0,FA,8,0,0,0
Lunch,"Sunday, October 13, 2019"," $1,646.00 ",1,48,0.01,0,0,FA,8,0,0,0
Breakfast,"Sunday, October 13, 2019", $251.00 ,1,48,0.01,0,0,FA,8,0,0,0
Dinner,"Saturday, October 12, 2019"," $4,853.00 ",7,56.5,0,0,0,FA,7,1,0,0
Lunch,"Saturday, October 12, 2019"," $1,240.00 ",7,56.5,0,0,0,FA,7,1,0,0
Breakfast,"Saturday, October 12, 2019", $260.00 ,7,56.5,0,0,0,FA,7,1,0,0
Dinner,"Friday, October 11, 2019"," $4,877.00 ",6,54.5,0,0,0,FA,7,0,0,0
Lunch,"Friday, October 11, 2019"," $1,907.00 ",6,54.5,0,0,0,FA,7,0,0,0
Breakfast,"Friday, October 11, 2019", $886.00 ,6,54.5,0,0,0,FA,7,0,0,0
Dinner,"Thursday, October 10, 2019"," $6,668.00 ",5,53,0,0,0,FA,7,0,0,0
Lunch,"Thursday, October 10, 2019"," $1,906.00 ",5,53,0,0,0,FA,7,0,0,0
Breakfast,"Thursday, October 10, 2019", $947.00 ,5,53,0,0,0,FA,7,0,0,0
Dinner,"Wednesday, October 9, 2019"," $6,810.00 ",4,54.5,0,0,0,FA,7,0,0,0
Lunch,"Wednesday, October 9, 2019"," $1,825.00 ",4,54.5,0,0,0,FA,7,0,0,0
Breakfast,"Wednesday, October 9, 2019"," $1,042.00 ",4,54.5,0,0,0,FA,7,0,0,0
Dinner,"Tuesday, October 8, 2019"," $6,690.00 ",3,54,0.36,0,0,FA,7,0,0,0
Lunch,"Tuesday, October 8, 2019"," $1,618.00 ",3,54,0.36,0,0,FA,7,0,0,0
Breakfast,"Tuesday, October 8, 2019"," $1,111.00 ",3,54,0.36,0,0,FA,7,0,0,0
Dinner,"Monday, October 7, 2019"," $7,216.00 ",2,59.5,0.35,0,0,FA,7,0,0,0
Lunch,"Monday, October 7, 2019"," $1,769.00 ",2,59.5,0.35,0,0,FA,7,0,0,0
Breakfast,"Monday, October 7, 2019", $824.00 ,2,59.5,0.35,0,0,FA,7,0,0,0
Dinner,"Sunday, October 6, 2019"," $7,317.00 ",1,49.5,0,0,0,FA,7,0,1,0
Lunch,"Sunday, October 6, 2019"," $2,024.00 ",1,49.5,0,0,0,FA,7,0,1,0
Breakfast,"Sunday, October 6, 2019", $311.00 ,1,49.5,0,0,0,FA,7,0,1,0
Dinner,"Saturday, October 5, 2019"," $5,759.00 ",7,49.5,0,0,0,FA,6,1,1,0
Lunch,"Saturday, October 5, 2019"," $1,578.00 ",7,49.5,0,0,0,FA,6,1,1,0
Breakfast,"Saturday, October 5, 2019", $855.00 ,7,49.5,0,0,0,FA,6,1,1,0
Dinner,"Friday, October 4, 2019"," $6,111.00 ",6,59,0.14,0,0,FA,6,0,1,0
Lunch,"Friday, October 4, 2019"," $1,773.00 ",6,59,0.14,0,0,FA,6,0,1,0
Breakfast,"Friday, October 4, 2019", $941.00 ,6,59,0.14,0,0,FA,6,0,1,0
Dinner,"Thursday, October 3, 2019"," $6,706.00 ",5,69.5,0.21,0,0,FA,6,0,1,0
Lunch,"Thursday, October 3, 2019"," $1,637.00 ",5,69.5,0.21,0,0,FA,6,0,1,0
Breakfast,"Thursday, October 3, 2019", $853.00 ,5,69.5,0.21,0,0,FA,6,0,1,0
Dinner,"Wednesday, October 2, 2019"," $7,312.00 ",4,75,0,0,0,FA,6,0,1,0
Lunch,"Wednesday, October 2, 2019"," $1,998.00 ",4,75,0,0,0,FA,6,0,1,0
Breakfast,"Wednesday, October 2, 2019", $962.00 ,4,75,0,0,0,FA,6,0,1,0
Dinner,"Tuesday, October 1, 2019"," $7,260.00 ",3,63,0.26,0,0,FA,6,0,1,0
Lunch,"Tuesday, October 1, 2019"," $2,029.00 ",3,63,0.26,0,0,FA,6,0,1,0
Breakfast,"Tuesday, October 1, 2019"," $1,076.00 ",3,63,0.26,0,0,FA,6,0,1,0
Dinner,"Monday, September 30, 2019"," $7,235.00 ",2,66.5,0,0,0,FA,6,0,1,0
Lunch,"Monday, September 30, 2019"," $1,917.00 ",2,66.5,0,0,0,FA,6,0,1,0
Breakfast,"Monday, September 30, 2019", $802.00 ,2,66.5,0,0,0,FA,6,0,1,0
Dinner,"Sunday, September 29, 2019"," $6,797.00 ",1,74,0,0,0,FA,6,0,1,0
Lunch,"Sunday, September 29, 2019"," $1,578.00 ",1,74,0,0,0,FA,6,0,1,0
Breakfast,"Sunday, September 29, 2019", $428.00 ,1,74,0,0,0,FA,6,0,1,0
Dinner,"Saturday, September 28, 2019"," $5,918.00 ",7,62,0,0,0,FA,5,0,1,0
Lunch,"Saturday, September 28, 2019"," $1,718.00 ",7,62,0,0,0,FA,5,0,1,0
Breakfast,"Saturday, September 28, 2019", $449.00 ,7,62,0,0,0,FA,5,0,1,0
Dinner,"Friday, September 27, 2019"," $5,479.00 ",6,60,0.19,0,0,FA,5,0,0,0
Lunch,"Friday, September 27, 2019"," $2,094.00 ",6,60,0.19,0,0,FA,5,0,0,0
Breakfast,"Friday, September 27, 2019"," $1,006.00 ",6,60,0.19,0,0,FA,5,0,0,0
Dinner,"Thursday, September 26, 2019"," $6,633.00 ",5,64,0,0,0,FA,5,0,0,0
Lunch,"Thursday, September 26, 2019"," $2,164.00 ",5,64,0,0,0,FA,5,0,0,0
Breakfast,"Thursday, September 26, 2019"," $1,123.00 ",5,64,0,0,0,FA,5,0,0,0
Dinner,"Wednesday, September 25, 2019"," $7,067.00 ",4,60.5,0,0,0,FA,5,0,0,0
Lunch,"Wednesday, September 25, 2019"," $2,012.00 ",4,60.5,0,0,0,FA,5,0,0,0
Breakfast,"Wednesday, September 25, 2019"," $1,079.00 ",4,60.5,0,0,0,FA,5,0,0,0
Dinner,"Tuesday, September 24, 2019"," $7,674.00 ",3,68,0,0,0,FA,5,0,0,0
Lunch,"Tuesday, September 24, 2019"," $1,923.00 ",3,68,0,0,0,FA,5,0,0,0
Breakfast,"Tuesday, September 24, 2019"," $1,044.00 ",3,68,0,0,0,FA,5,0,0,0
Dinner,"Monday, September 23, 2019"," $7,297.00 ",2,73.5,0,0,0,FA,5,0,0,0
Lunch,"Monday, September 23, 2019"," $1,921.00 ",2,73.5,0,0,0,FA,5,0,0,0
Breakfast,"Monday, September 23, 2019"," $1,086.00 ",2,73.5,0,0,0,FA,5,0,0,0
Dinner,"Sunday, September 22, 2019"," $7,405.00 ",1,68.5,0,0,0,FA,5,0,0,0
Lunch,"Sunday, September 22, 2019"," $1,868.00 ",1,68.5,0,0,0,FA,5,0,0,0
Breakfast,"Sunday, September 22, 2019", $271.00 ,1,68.5,0,0,0,FA,5,0,0,0
Dinner,"Saturday, September 21, 2019"," $6,023.00 ",7,62.5,0,0,0,FA,4,0,0,0
Lunch,"Saturday, September 21, 2019"," $1,920.00 ",7,62.5,0,0,0,FA,4,0,0,0
Breakfast,"Saturday, September 21, 2019", $314.00 ,7,62.5,0,0,0,FA,4,0,0,0
Dinner,"Friday, September 20, 2019"," $5,831.00 ",6,59.5,0,0,0,FA,4,0,0,0
Lunch,"Friday, September 20, 2019"," $2,027.00 ",6,59.5,0,0,0,FA,4,0,0,0
Breakfast,"Friday, September 20, 2019"," $1,211.00 ",6,59.5,0,0,0,FA,4,0,0,0
Dinner,"Thursday, September 19, 2019"," $6,456.00 ",5,60,0,0,0,FA,4,0,0,0
Lunch,"Thursday, September 19, 2019"," $1,985.00 ",5,60,0,0,0,FA,4,0,0,0
Breakfast,"Thursday, September 19, 2019"," $1,023.00 ",5,60,0,0,0,FA,4,0,0,0
Dinner,"Wednesday, September 18, 2019"," $7,451.00 ",4,62,0,0,0,FA,4,0,0,0
Lunch,"Wednesday, September 18, 2019"," $2,072.00 ",4,62,0,0,0,FA,4,0,0,0
Breakfast,"Wednesday, September 18, 2019"," $1,117.00 ",4,62,0,0,0,FA,4,0,0,0
Dinner,"Tuesday, September 17, 2019"," $6,544.00 ",3,68,0,0,0,FA,4,0,0,0
Lunch,"Tuesday, September 17, 2019"," $2,057.00 ",3,68,0,0,0,FA,4,0,0,0
Breakfast,"Tuesday, September 17, 2019"," $1,117.00 ",3,68,0,0,0,FA,4,0,0,0
Dinner,"Monday, September 16, 2019"," $7,004.00 ",2,66,0,0,0,FA,4,0,0,0
Lunch,"Monday, September 16, 2019"," $1,915.00 ",2,66,0,0,0,FA,4,0,0,0
Breakfast,"Monday, September 16, 2019", $858.00 ,2,66,0,0,0,FA,4,0,0,0
Dinner,"Sunday, September 15, 2019"," $6,644.00 ",1,62,0.13,0,1,FA,4,0,0,0
Lunch,"Sunday, September 15, 2019"," $2,106.00 ",1,62,0.13,0,1,FA,4,0,0,0
Breakfast,"Sunday, September 15, 2019", $367.00 ,1,62,0.13,0,1,FA,4,0,0,0
Dinner,"Saturday, September 14, 2019"," $6,239.00 ",7,61,0.04,0,0,FA,3,1,0,0
Lunch,"Saturday, September 14, 2019"," $1,263.00 ",7,61,0.04,0,0,FA,3,1,0,0
Breakfast,"Saturday, September 14, 2019"," $1,240.00 ",7,61,0.04,0,0,FA,3,1,0,0
Dinner,"Friday, September 13, 2019"," $5,805.00 ",6,71,0.05,0,0,FA,3,0,0,0
Lunch,"Friday, September 13, 2019"," $1,956.00 ",6,71,0.05,0,0,FA,3,0,0,0
Breakfast,"Friday, September 13, 2019", $959.00 ,6,71,0.05,0,0,FA,3,0,0,0
Dinner,"Thursday, September 12, 2019"," $6,565.00 ",5,78,0.51,0,1,FA,3,0,0,0
Lunch,"Thursday, September 12, 2019"," $1,633.00 ",5,78,0.51,0,1,FA,3,0,0,0
Breakfast,"Thursday, September 12, 2019", $878.00 ,5,78,0.51,0,1,FA,3,0,0,0
Dinner,"Wednesday, September 11, 2019"," $6,521.00 ",4,69.5,0,0,0,FA,3,0,0,0
Lunch,"Wednesday, September 11, 2019"," $1,720.00 ",4,69.5,0,0,0,FA,3,0,0,0
Breakfast,"Wednesday, September 11, 2019", $852.00 ,4,69.5,0,0,0,FA,3,0,0,0
Dinner,"Tuesday, September 10, 2019"," $6,943.00 ",3,64.5,0,0,0,FA,3,0,0,0
Lunch,"Tuesday, September 10, 2019"," $2,003.00 ",3,64.5,0,0,0,FA,3,0,0,0
Breakfast,"Tuesday, September 10, 2019"," $1,006.00 ",3,64.5,0,0,0,FA,3,0,0,0
Dinner,"Monday, September 9, 2019"," $6,623.00 ",2,66,0,0,0,FA,3,0,0,0
Lunch,"Monday, September 9, 2019"," $1,821.00 ",2,66,0,0,0,FA,3,0,0,0
Breakfast,"Monday, September 9, 2019", $862.00 ,2,66,0,0,0,FA,3,0,0,0
Dinner,"Sunday, September 8, 2019"," $6,572.00 ",1,63,0,0,0,FA,3,0,0,0
Lunch,"Sunday, September 8, 2019"," $1,650.00 ",1,63,0,0,0,FA,3,0,0,0
Breakfast,"Sunday, September 8, 2019", $271.00 ,1,63,0,0,0,FA,3,0,0,0
Dinner,"Saturday, September 7, 2019"," $5,367.00 ",7,63,0,0,0,FA,2,1,0,0
Lunch,"Saturday, September 7, 2019"," $1,884.00 ",7,63,0,0,0,FA,2,1,0,0
Breakfast,"Saturday, September 7, 2019", $331.00 ,7,63,0,0,0,FA,2,1,0,0
Dinner,"Friday, September 6, 2019"," $5,168.00 ",6,60.5,0,0,0,FA,2,0,0,0
Lunch,"Friday, September 6, 2019"," $1,660.00 ",6,60.5,0,0,0,FA,2,0,0,0
Breakfast,"Friday, September 6, 2019"," $1,025.00 ",6,60.5,0,0,0,FA,2,0,0,0
Dinner,"Thursday, September 5, 2019"," $5,874.00 ",5,68.5,0,0,0,FA,2,0,0,0
Lunch,"Thursday, September 5, 2019"," $1,491.00 ",5,68.5,0,0,0,FA,2,0,0,0
Breakfast,"Thursday, September 5, 2019", $803.00 ,5,68.5,0,0,0,FA,2,0,0,0
Dinner,"Wednesday, September 4, 2019"," $5,367.00 ",4,70,0,0,0,FA,2,0,0,0
Lunch,"Wednesday, September 4, 2019"," $1,889.00 ",4,70,0,0,0,FA,2,0,0,0
Breakfast,"Wednesday, September 4, 2019", $962.00 ,4,70,0,0,0,FA,2,0,0,0
Dinner,"Tuesday, September 3, 2019"," $5,931.00 ",3,67.5,0,0,0,FA,2,0,0,0
Lunch,"Tuesday, September 3, 2019"," $1,372.00 ",3,67.5,0,0,0,FA,2,0,0,0
Breakfast,"Tuesday, September 3, 2019", $891.00 ,3,67.5,0,0,0,FA,2,0,0,0
Dinner,"Monday, September 2, 2019"," $6,354.00 ",2,66.5,0.95,0,1,FA,2,0,0,0
Lunch,"Monday, September 2, 2019"," $1,687.00 ",2,66.5,0.95,0,1,FA,2,0,0,0
Breakfast,"Monday, September 2, 2019", $321.00 ,2,66.5,0.95,0,1,FA,2,0,0,0
Dinner,"Sunday, September 1, 2019"," $4,735.00 ",1,67,0,0,0,FA,2,0,0,0
Lunch,"Sunday, September 1, 2019"," $1,572.00 ",1,67,0,0,0,FA,2,0,0,0
Breakfast,"Sunday, September 1, 2019", $193.00 ,1,67,0,0,0,FA,2,0,0,0
Dinner,"Saturday, August 31, 2019"," $5,101.00 ",7,71,0,0,0,FA,1,1,0,0
Lunch,"Saturday, August 31, 2019"," $1,253.00 ",7,71,0,0,0,FA,1,1,0,0
Breakfast,"Saturday, August 31, 2019", $473.00 ,7,71,0,0,0,FA,1,1,0,0
Dinner,"Friday, August 30, 2019"," $5,111.00 ",6,66.5,0,0,0,FA,1,0,0,0
Lunch,"Friday, August 30, 2019"," $1,618.00 ",6,66.5,0,0,0,FA,1,0,0,0
Breakfast,"Friday, August 30, 2019", $628.00 ,6,66.5,0,0,0,FA,1,0,0,0
Dinner,"Thursday, August 29, 2019"," $4,589.00 ",5,66,0.37,0,0,FA,1,0,0,0
Lunch,"Thursday, August 29, 2019"," $1,241.00 ",5,66,0.37,0,0,FA,1,0,0,0
Breakfast,"Thursday, August 29, 2019", $767.00 ,5,66,0.37,0,0,FA,1,0,0,0
Dinner,"Wednesday, August 28, 2019"," $4,176.00 ",4,64,0.1,0,0,FA,1,0,0,0
Lunch,"Wednesday, August 28, 2019"," $1,354.00 ",4,64,0.1,0,0,FA,1,0,0,0
Breakfast,"Wednesday, August 28, 2019", $823.00 ,4,64,0.1,0,0,FA,1,0,0,0
Lunch,"Tuesday, August 27, 2019"," $4,593.00 ",3,65,0.02,0,0,FA,1,0,0,0
Dinner,"Tuesday, August 27, 2019"," $1,318.00 ",3,65,0.02,0,0,FA,1,0,0,0
Breakfast,"Tuesday, August 27, 2019", $639.00 ,3,65,0.02,0,0,FA,1,0,0,0
Dinner,"Monday, August 26, 2019"," $3,844.00 ",2,62.5,0,0,0,FA,1,0,0,0
Lunch,"Monday, August 26, 2019"," $1,426.00 ",2,62.5,0,0,0,FA,1,0,0,0
Breakfast,"Monday, August 26, 2019", $904.00 ,2,62.5,0,0,0,FA,1,0,0,0
Lunch,"Friday, May 3, 2019"," $1,611.00 ",6,68,0,0,0,SP,16,0,0,0
Dinner,"Friday, May 3, 2019"," $1,220.00 ",6,68,0,0,0,SP,16,0,0,0
Breakfast,"Friday, May 3, 2019", $235.00 ,6,68,0,0,0,SP,16,0,0,0
Dinner,"Thursday, May 2, 2019"," $3,474.00 ",5,56.5,0,0,0,SP,16,0,0,0
Lunch,"Thursday, May 2, 2019"," $1,597.00 ",5,56.5,0,0,0,SP,16,0,0,0
Breakfast,"Thursday, May 2, 2019", $685.00 ,5,56.5,0,0,0,SP,16,0,0,0
Dinner,"Wednesday, May 1, 2019"," $2,936.00 ",4,58,0.03,0,0,SP,16,0,0,0
Lunch,"Wednesday, May 1, 2019"," $1,568.00 ",4,58,0.03,0,0,SP,16,0,0,0
Breakfast,"Wednesday, May 1, 2019", $615.00 ,4,58,0.03,0,0,SP,16,0,0,0
Dinner,"Tuesday, April 30, 2019"," $2,870.00 ",3,47,0.01,0,0,SP,16,0,0,0
Lunch,"Tuesday, April 30, 2019"," $1,602.00 ",3,47,0.01,0,0,SP,16,0,0,0
Breakfast,"Tuesday, April 30, 2019", $253.00 ,3,47,0.01,0,0,SP,16,0,0,0
Dinner,"Monday, April 29, 2019"," $3,421.00 ",2,40,0.07,0,0,SP,16,0,0,0
Lunch,"Monday, April 29, 2019"," $1,279.00 ",2,40,0.07,0,0,SP,16,0,0,0
Breakfast,"Monday, April 29, 2019", $419.00 ,2,40,0.07,0,0,SP,16,0,0,0
Dinner,"Sunday, April 28, 2019"," $3,192.00 ",1,49.5,0.1,0,0,SP,16,0,0,0
Lunch,"Sunday, April 28, 2019"," $1,654.00 ",1,49.5,0.1,0,0,SP,16,0,0,0
Breakfast,"Sunday, April 28, 2019", $135.00 ,1,49.5,0.1,0,0,SP,16,0,0,0
Dinner,"Saturday, April 27, 2019"," $2,764.00 ",7,51,0.15,0,0,SP,15,0,0,0
Lunch,"Saturday, April 27, 2019"," $1,695.00 ",7,51,0.15,0,0,SP,15,0,0,0
Breakfast,"Saturday, April 27, 2019", $220.00 ,7,51,0.15,0,0,SP,15,0,0,0
Dinner,"Friday, April 26, 2019"," $3,087.00 ",6,56,0.14,0,0,SP,15,0,0,0
Lunch,"Friday, April 26, 2019"," $1,529.00 ",6,56,0.14,0,0,SP,15,0,0,0
Breakfast,"Friday, April 26, 2019", $276.00 ,6,56,0.14,0,0,SP,15,0,0,0
Dinner,"Thursday, April 25, 2019"," $3,364.00 ",5,55.5,0,0,0,SP,15,0,0,0
Lunch,"Thursday, April 25, 2019"," $1,079.00 ",5,55.5,0,0,0,SP,15,0,0,0
Breakfast,"Thursday, April 25, 2019", $326.00 ,5,55.5,0,0,0,SP,15,0,0,0
Dinner,"Wednesday, April 24, 2019"," $3,481.00 ",4,60,0.08,0,1,SP,15,0,0,0
Lunch,"Wednesday, April 24, 2019"," $1,194.00 ",4,60,0.08,0,1,SP,15,0,0,0
Breakfast,"Wednesday, April 24, 2019", $491.00 ,4,60,0.08,0,1,SP,15,0,0,0
Dinner,"Tuesday, April 23, 2019"," $2,794.00 ",3,58.5,0,0,0,SP,15,0,0,0
Lunch,"Tuesday, April 23, 2019"," $1,032.00 ",3,58.5,0,0,0,SP,15,0,0,0
Breakfast,"Tuesday, April 23, 2019", $386.00 ,3,58.5,0,0,0,SP,15,0,0,0
Dinner,"Monday, April 22, 2019"," $2,748.00 ",2,55,0,0,0,SP,15,0,0,0
Lunch,"Monday, April 22, 2019"," $1,327.00 ",2,55,0,0,0,SP,15,0,0,0
Breakfast,"Monday, April 22, 2019", $319.00 ,2,55,0,0,0,SP,15,0,0,0
Dinner,"Sunday, April 21, 2019"," $2,768.00 ",1,61.5,0.01,0,0,SP,15,0,0,1
Lunch,"Sunday, April 21, 2019"," $1,014.00 ",1,61.5,0.01,0,0,SP,15,0,0,1
Breakfast,"Sunday, April 21, 2019", $48.00 ,1,61.5,0.01,0,0,SP,15,0,0,1
Dinner,"Saturday, April 20, 2019"," $2,128.00 ",7,64,0.88,0,1,SP,14,0,0,1
Lunch,"Saturday, April 20, 2019", $848.00 ,7,64,0.88,0,1,SP,14,0,0,1
Breakfast,"Saturday, April 20, 2019", $103.00 ,7,64,0.88,0,1,SP,14,0,0,1
Dinner,"Friday, April 19, 2019"," $2,527.00 ",6,60.5,0,0,0,SP,14,0,0,0
Lunch,"Friday, April 19, 2019"," $1,200.00 ",6,60.5,0,0,0,SP,14,0,0,0
Breakfast,"Friday, April 19, 2019", $432.00 ,6,60.5,0,0,0,SP,14,0,0,0
Dinner,"Thursday, April 18, 2019"," $2,803.00 ",5,49.5,0,0,0,SP,14,0,0,0
Lunch,"Thursday, April 18, 2019"," $1,166.00 ",5,49.5,0,0,0,SP,14,0,0,0
Breakfast,"Thursday, April 18, 2019", $340.00 ,5,49.5,0,0,0,SP,14,0,0,0
Dinner,"Wednesday, April 17, 2019"," $3,292.00 ",4,48.5,0.12,0,0,SP,14,0,0,0
Lunch,"Wednesday, April 17, 2019"," $1,156.00 ",4,48.5,0.12,0,0,SP,14,0,0,0
Breakfast,"Wednesday, April 17, 2019", $348.00 ,4,48.5,0.12,0,0,SP,14,0,0,0
Dinner,"Tuesday, April 16, 2019"," $3,451.00 ",3,40,0.01,0,1,SP,14,0,0,0
Lunch,"Tuesday, April 16, 2019"," $1,151.00 ",3,40,0.01,0,1,SP,14,0,0,0
Breakfast,"Tuesday, April 16, 2019", $414.00 ,3,40,0.01,0,1,SP,14,0,0,0
Dinner,"Monday, April 15, 2019"," $3,546.00 ",2,56,1.18,0,1,SP,14,0,0,0
Lunch,"Monday, April 15, 2019"," $1,191.00 ",2,56,1.18,0,1,SP,14,0,0,0
Breakfast,"Monday, April 15, 2019", $345.00 ,2,56,1.18,0,1,SP,14,0,0,0
Dinner,"Sunday, April 14, 2019"," $2,513.00 ",1,61,0.01,0,0,SP,14,0,0,0
Lunch,"Sunday, April 14, 2019"," $1,052.00 ",1,61,0.01,0,0,SP,14,0,0,0
Breakfast,"Sunday, April 14, 2019", $226.00 ,1,61,0.01,0,0,SP,14,0,0,0
Dinner,"Saturday, April 13, 2019"," $2,262.00 ",7,56,0.47,0,1,SP,13,0,0,0
Lunch,"Saturday, April 13, 2019", $874.00 ,7,56,0.47,0,1,SP,13,0,0,0
Breakfast,"Saturday, April 13, 2019", $426.00 ,7,56,0.47,0,1,SP,13,0,0,0
Dinner,"Friday, April 12, 2019"," $2,105.00 ",6,47.5,0,0,0,SP,13,0,0,0
Lunch,"Friday, April 12, 2019"," $1,025.00 ",6,47.5,0,0,0,SP,13,0,0,0
Breakfast,"Friday, April 12, 2019", $358.00 ,6,47.5,0,0,0,SP,13,0,0,0
Dinner,"Thursday, April 11, 2019"," $2,427.00 ",5,48,0,0,0,SP,13,0,0,0
Lunch,"Thursday, April 11, 2019", $877.00 ,5,48,0,0,0,SP,13,0,0,0
Breakfast,"Thursday, April 11, 2019", $227.00 ,5,48,0,0,0,SP,13,0,0,0
Dinner,"Wednesday, April 10, 2019", $366.00 ,4,55,0,0,0,SP,13,0,0,0
Dinner,"Sunday, April 7, 2019"," $3,119.00 ",1,50.5,0,0,0,SP,13,0,0,0
Lunch,"Sunday, April 7, 2019"," $1,572.00 ",1,50.5,0,0,0,SP,13,0,0,0
Breakfast,"Sunday, April 7, 2019", $234.00 ,1,50.5,0,0,0,SP,13,0,0,0
Dinner,"Saturday, April 6, 2019"," $4,129.00 ",7,37,0.12,0,1,SP,12,0,0,0
Lunch,"Saturday, April 6, 2019"," $1,831.00 ",7,37,0.12,0,1,SP,12,0,0,0
Breakfast,"Saturday, April 6, 2019", $280.00 ,7,37,0.12,0,1,SP,12,0,0,0
Dinner,"Friday, April 5, 2019"," $4,995.00 ",6,46,0.07,0,1,SP,12,0,0,0
Lunch,"Friday, April 5, 2019"," $2,870.00 ",6,46,0.07,0,1,SP,12,0,0,0
Breakfast,"Friday, April 5, 2019"," $1,081.00 ",6,46,0.07,0,1,SP,12,0,0,0
Dinner,"Thursday, April 4, 2019"," $6,005.00 ",5,45.5,0,0,0,SP,12,0,0,0
Lunch,"Thursday, April 4, 2019"," $2,208.00 ",5,45.5,0,0,0,SP,12,0,0,0
Breakfast,"Thursday, April 4, 2019", $769.00 ,5,45.5,0,0,0,SP,12,0,0,0
Dinner,"Wednesday, April 3, 2019"," $5,585.00 ",4,37.5,0,0,0,SP,12,0,0,0
Lunch,"Wednesday, April 3, 2019"," $2,423.00 ",4,37.5,0,0,0,SP,12,0,0,0
Breakfast,"Wednesday, April 3, 2019", $856.00 ,4,37.5,0,0,0,SP,12,0,0,0
Dinner,"Tuesday, April 2, 2019"," $6,184.00 ",3,33.5,0,0,0,SP,12,0,0,0
Lunch,"Tuesday, April 2, 2019"," $2,204.00 ",3,33.5,0,0,0,SP,12,0,0,0
Breakfast,"Tuesday, April 2, 2019", $951.00 ,3,33.5,0,0,0,SP,12,0,0,0
Dinner,"Monday, April 1, 2019"," $5,842.00 ",2,32.5,0,0,0,SP,12,0,0,0
Lunch,"Monday, April 1, 2019"," $2,226.00 ",2,32.5,0,0,0,SP,12,0,0,0
Breakfast,"Monday, April 1, 2019", $844.00 ,2,32.5,0,0,0,SP,12,0,0,0
Dinner,"Sunday, March 31, 2019"," $5,540.00 ",1,54.5,0.06,0,0,SP,12,0,0,0
Lunch,"Sunday, March 31, 2019"," $2,537.00 ",1,54.5,0.06,0,0,SP,12,0,0,0
Breakfast,"Sunday, March 31, 2019", $426.00 ,1,54.5,0.06,0,0,SP,12,0,0,0
Dinner,"Saturday, March 30, 2019"," $4,890.00 ",7,53,0.03,0,0,SP,11,0,0,0
Lunch,"Saturday, March 30, 2019"," $2,283.00 ",7,53,0.03,0,0,SP,11,0,0,0
Breakfast,"Saturday, March 30, 2019", $402.00 ,7,53,0.03,0,0,SP,11,0,0,0
Dinner,"Friday, March 29, 2019"," $5,188.00 ",6,47.5,0.01,0,0,SP,11,0,0,0
Lunch,"Friday, March 29, 2019"," $2,541.00 ",6,47.5,0.01,0,0,SP,11,0,0,0
Breakfast,"Friday, March 29, 2019", $864.00 ,6,47.5,0.01,0,0,SP,11,0,0,0
Dinner,"Thursday, March 28, 2019"," $5,632.00 ",5,39,0,0,0,SP,11,0,0,0
Lunch,"Thursday, March 28, 2019"," $2,151.00 ",5,39,0,0,0,SP,11,0,0,0
Breakfast,"Thursday, March 28, 2019", $757.00 ,5,39,0,0,0,SP,11,0,0,0
Dinner,"Wednesday, March 27, 2019"," $5,897.00 ",4,34.5,0,0,0,SP,11,0,0,0
Lunch,"Wednesday, March 27, 2019"," $2,325.00 ",4,34.5,0,0,0,SP,11,0,0,0
Breakfast,"Wednesday, March 27, 2019", $909.00 ,4,34.5,0,0,0,SP,11,0,0,0
Dinner,"Tuesday, March 26, 2019"," $5,643.00 ",3,35.5,0,0,0,SP,11,0,0,0
Lunch,"Tuesday, March 26, 2019"," $2,175.00 ",3,35.5,0,0,0,SP,11,0,0,0
Breakfast,"Tuesday, March 26, 2019", $820.00 ,3,35.5,0,0,0,SP,11,0,0,0
Dinner,"Monday, March 25, 2019"," $5,867.00 ",2,45.5,0.01,0,0,SP,11,0,0,0
Lunch,"Monday, March 25, 2019"," $2,112.00 ",2,45.5,0.01,0,0,SP,11,0,0,0
Breakfast,"Monday, March 25, 2019", $865.00 ,2,45.5,0.01,0,0,SP,11,0,0,0
Dinner,"Sunday, March 24, 2019"," $6,044.00 ",1,36,0,0,0,SP,11,0,0,0
Lunch,"Sunday, March 24, 2019"," $2,246.00 ",1,36,0,0,0,SP,11,0,0,0
Breakfast,"Sunday, March 24, 2019", $310.00 ,1,36,0,0,0,SP,11,0,0,0
Dinner,"Saturday, March 23, 2019"," $5,811.00 ",7,35,0,0,0,SP,10,0,0,0
Lunch,"Saturday, March 23, 2019"," $2,556.00 ",7,35,0,0,0,SP,10,0,0,0
Breakfast,"Saturday, March 23, 2019", $429.00 ,7,35,0,0,0,SP,10,0,0,0
Dinner,"Friday, March 22, 2019"," $5,490.00 ",6,38,1.1,0,0,SP,10,0,0,0
Lunch,"Friday, March 22, 2019"," $2,461.00 ",6,38,1.1,0,0,SP,10,0,0,0
Breakfast,"Friday, March 22, 2019", $756.00 ,6,38,1.1,0,0,SP,10,0,0,0
Dinner,"Thursday, March 21, 2019"," $5,700.00 ",5,39,0,0,0,SP,10,0,0,0
Lunch,"Thursday, March 21, 2019"," $2,094.00 ",5,39,0,0,0,SP,10,0,0,0
Breakfast,"Thursday, March 21, 2019", $756.00 ,5,39,0,0,0,SP,10,0,0,0
Dinner,"Wednesday, March 20, 2019"," $6,012.00 ",4,35,0,0,0,SP,10,0,0,0
Lunch,"Wednesday, March 20, 2019"," $2,368.00 ",4,35,0,0,0,SP,10,0,0,0
Breakfast,"Wednesday, March 20, 2019", $875.00 ,4,35,0,0,0,SP,10,0,0,0
Dinner,"Tuesday, March 19, 2019"," $5,561.00 ",3,31.5,0,0,0,SP,10,0,0,0
Lunch,"Tuesday, March 19, 2019"," $2,298.00 ",3,31.5,0,0,0,SP,10,0,0,0
Breakfast,"Tuesday, March 19, 2019", $795.00 ,3,31.5,0,0,0,SP,10,0,0,0
Dinner,"Monday, March 18, 2019"," $6,229.00 ",2,33.5,0,0,0,SP,10,0,0,0
Lunch,"Monday, March 18, 2019"," $2,396.00 ",2,33.5,0,0,0,SP,10,0,0,0
Breakfast,"Monday, March 18, 2019", $828.00 ,2,33.5,0,0,0,SP,10,0,0,0
Dinner,"Sunday, March 17, 2019"," $5,983.00 ",1,32.5,0,0,0,SP,10,0,0,0
Lunch,"Sunday, March 17, 2019"," $2,350.00 ",1,32.5,0,0,0,SP,10,0,0,0
Breakfast,"Sunday, March 17, 2019", $198.00 ,1,32.5,0,0,0,SP,10,0,0,0
Dinner,"Saturday, March 16, 2019"," $5,144.00 ",7,50,0.02,0,1,SP,9,0,0,0
Lunch,"Saturday, March 16, 2019"," $2,447.00 ",7,50,0.02,0,1,SP,9,0,0,0
Breakfast,"Saturday, March 16, 2019", $333.00 ,7,50,0.02,0,1,SP,9,0,0,0
Dinner,"Friday, March 15, 2019"," $5,079.00 ",6,49.5,0.04,0,0,SP,9,0,0,0
Lunch,"Friday, March 15, 2019"," $2,436.00 ",6,49.5,0.04,0,0,SP,9,0,0,0
Breakfast,"Friday, March 15, 2019", $744.00 ,6,49.5,0.04,0,0,SP,9,0,0,0
Dinner,"Thursday, March 14, 2019"," $5,686.00 ",5,39.5,0,0,0,SP,9,0,0,0
Lunch,"Thursday, March 14, 2019"," $2,246.00 ",5,39.5,0,0,0,SP,9,0,0,0
Breakfast,"Thursday, March 14, 2019", $848.00 ,5,39.5,0,0,0,SP,9,0,0,0
Dinner,"Wednesday, March 13, 2019"," $5,600.00 ",4,33,0,0,0,SP,9,0,0,0
Lunch,"Wednesday, March 13, 2019"," $2,394.00 ",4,33,0,0,0,SP,9,0,0,0
Breakfast,"Wednesday, March 13, 2019", $780.00 ,4,33,0,0,0,SP,9,0,0,0
Dinner,"Tuesday, March 12, 2019"," $5,556.00 ",3,38,0,0,0,SP,9,0,0,0
Lunch,"Tuesday, March 12, 2019"," $2,005.00 ",3,38,0,0,0,SP,9,0,0,0
Breakfast,"Tuesday, March 12, 2019", $958.00 ,3,38,0,0,0,SP,9,0,0,0
Dinner,"Monday, March 11, 2019"," $5,567.00 ",2,44,0,0,0,SP,9,0,0,0
Lunch,"Monday, March 11, 2019"," $2,168.00 ",2,44,0,0,0,SP,9,0,0,0
Breakfast,"Monday, March 11, 2019", $809.00 ,2,44,0,0,0,SP,9,0,0,0
Dinner,"Sunday, March 10, 2019"," $4,641.00 ",1,37,0.56,0,0,SP,9,0,0,0
Lunch,"Sunday, March 10, 2019"," $1,050.00 ",1,37,0.56,0,0,SP,9,0,0,0
Breakfast,"Sunday, March 10, 2019", $55.00 ,1,37,0.56,0,0,SP,9,0,0,0
Lunch,"Friday, March 1, 2019"," $2,488.00 ",6,27.5,0.13,1.9,0,SP,8,0,0,0
Dinner,"Friday, March 1, 2019"," $1,422.00 ",6,27.5,0.13,1.9,0,SP,8,0,0,0
Breakfast,"Friday, March 1, 2019", $963.00 ,6,27.5,0.13,1.9,0,SP,8,0,0,0
Dinner,"Thursday, February 28, 2019"," $5,710.00 ",5,29.5,0,0,0,SP,8,0,0,0
Lunch,"Thursday, February 28, 2019"," $2,377.00 ",5,29.5,0,0,0,SP,8,0,0,0
Breakfast,"Thursday, February 28, 2019"," $1,037.00 ",5,29.5,0,0,0,SP,8,0,0,0
Dinner,"Wednesday, February 27, 2019"," $6,402.00 ",4,25,0,0,0,SP,8,0,0,0
Lunch,"Wednesday, February 27, 2019"," $2,313.00 ",4,25,0,0,0,SP,8,0,0,0
Breakfast,"Wednesday, February 27, 2019", $988.00 ,4,25,0,0,0,SP,8,0,0,0
Dinner,"Tuesday, February 26, 2019"," $6,660.00 ",3,26,0,0,0,SP,8,0,0,0
Lunch,"Tuesday, February 26, 2019"," $2,269.00 ",3,26,0,0,0,SP,8,0,0,0
Breakfast,"Tuesday, February 26, 2019", $916.00 ,3,26,0,0,0,SP,8,0,0,0
Dinner,"Monday, February 25, 2019"," $6,706.00 ",2,36,0.18,0,0,SP,8,0,0,0
Lunch,"Monday, February 25, 2019"," $2,823.00 ",2,36,0.18,0,0,SP,8,0,0,0
Breakfast,"Monday, February 25, 2019", $963.00 ,2,36,0.18,0,0,SP,8,0,0,0
Dinner,"Sunday, February 24, 2019"," $6,838.00 ",1,31.5,0.23,0,0,SP,8,0,0,0
Lunch,"Sunday, February 24, 2019"," $2,604.00 ",1,31.5,0.23,0,0,SP,8,0,0,0
Breakfast,"Sunday, February 24, 2019", $341.00 ,1,31.5,0.23,0,0,SP,8,0,0,0
Dinner,"Saturday, February 23, 2019"," $5,251.00 ",7,35,0,0,0,SP,7,0,0,0
Lunch,"Saturday, February 23, 2019"," $2,729.00 ",7,35,0,0,0,SP,7,0,0,0
Breakfast,"Saturday, February 23, 2019", $652.00 ,7,35,0,0,0,SP,7,0,0,0
Dinner,"Friday, February 22, 2019"," $5,390.00 ",6,39,0,0,0,SP,7,0,0,0
Lunch,"Friday, February 22, 2019"," $2,817.00 ",6,39,0,0,0,SP,7,0,0,0
Breakfast,"Friday, February 22, 2019"," $1,022.00 ",6,39,0,0,0,SP,7,0,0,0
Dinner,"Thursday, February 21, 2019"," $5,910.00 ",5,28.5,1.13,5,1,SP,7,0,0,0
Lunch,"Thursday, February 21, 2019"," $2,256.00 ",5,28.5,1.13,5,1,SP,7,0,0,0
Breakfast,"Thursday, February 21, 2019", $906.00 ,5,28.5,1.13,5,1,SP,7,0,0,0
Dinner,"Wednesday, February 20, 2019"," $6,220.00 ",4,22.5,0,0,0,SP,7,0,0,0
Lunch,"Wednesday, February 20, 2019"," $3,983.00 ",4,22.5,0,0,0,SP,7,0,0,0
Breakfast,"Wednesday, February 20, 2019", $879.00 ,4,22.5,0,0,0,SP,7,0,0,0
Dinner,"Tuesday, February 19, 2019"," $6,413.00 ",3,25,0,0,0,SP,7,0,0,0
Lunch,"Tuesday, February 19, 2019"," $2,431.00 ",3,25,0,0,0,SP,7,0,0,0
Breakfast,"Tuesday, February 19, 2019"," $1,124.00 ",3,25,0,0,0,SP,7,0,0,0
Dinner,"Monday, February 18, 2019"," $5,869.00 ",2,26.5,0.07,0.2,0,SP,7,0,0,0
Lunch,"Monday, February 18, 2019"," $2,499.00 ",2,26.5,0.07,0.2,0,SP,7,0,0,0
Breakfast,"Monday, February 18, 2019", $692.00 ,2,26.5,0.07,0.2,0,SP,7,0,0,0
Dinner,"Sunday, February 17, 2019"," $5,757.00 ",1,26.5,0,0,0,SP,7,0,0,0
Lunch,"Sunday, February 17, 2019"," $2,072.00 ",1,26.5,0,0,0,SP,7,0,0,0
Breakfast,"Sunday, February 17, 2019", $297.00 ,1,26.5,0,0,0,SP,7,0,0,0
Dinner,"Saturday, February 16, 2019"," $4,910.00 ",7,38.5,0,0,0,SP,6,0,0,0
Lunch,"Saturday, February 16, 2019"," $2,416.00 ",7,38.5,0,0,0,SP,6,0,0,0
Breakfast,"Saturday, February 16, 2019", $563.00 ,7,38.5,0,0,0,SP,6,0,0,0
Dinner,"Friday, February 15, 2019"," $5,626.00 ",6,35,0,0,0,SP,6,0,0,0
Lunch,"Friday, February 15, 2019"," $3,320.00 ",6,35,0,0,0,SP,6,0,0,0
Breakfast,"Friday, February 15, 2019"," $1,020.00 ",6,35,0,0,0,SP,6,0,0,0
Dinner,"Thursday, February 14, 2019"," $6,469.00 ",5,28,0.01,0.4,0,SP,6,0,0,0
Lunch,"Thursday, February 14, 2019"," $2,215.00 ",5,28,0.01,0.4,0,SP,6,0,0,0
Breakfast,"Thursday, February 14, 2019"," $1,133.00 ",5,28,0.01,0.4,0,SP,6,0,0,0
Dinner,"Wednesday, February 13, 2019"," $6,061.00 ",4,31,0.59,1,1,SP,6,0,0,0
Lunch,"Wednesday, February 13, 2019"," $2,536.00 ",4,31,0.59,1,1,SP,6,0,0,0
Breakfast,"Wednesday, February 13, 2019", $895.00 ,4,31,0.59,1,1,SP,6,0,0,0
Dinner,"Tuesday, February 12, 2019"," $6,381.00 ",3,28,0.5,4,1,SP,6,0,0,0
Lunch,"Tuesday, February 12, 2019"," $3,310.00 ",3,28,0.5,4,1,SP,6,0,0,0
Breakfast,"Tuesday, February 12, 2019", $637.00 ,3,28,0.5,4,1,SP,6,0,0,0
Dinner,"Monday, February 11, 2019"," $6,755.00 ",2,21.5,0.06,0.5,0,SP,6,0,0,0
Lunch,"Monday, February 11, 2019"," $2,358.00 ",2,21.5,0.06,0.5,0,SP,6,0,0,0
Breakfast,"Monday, February 11, 2019", $801.00 ,2,21.5,0.06,0.5,0,SP,6,0,0,0
Dinner,"Sunday, February 10, 2019"," $5,860.00 ",1,18,0,0,0,SP,6,0,0,0
Lunch,"Sunday, February 10, 2019"," $2,538.00 ",1,18,0,0,0,SP,6,0,0,0
Breakfast,"Sunday, February 10, 2019", $363.00 ,1,18,0,0,0,SP,6,0,0,0
Dinner,"Saturday, February 9, 2019"," $5,314.00 ",7,31.5,0,0,0,SP,5,0,0,0
Lunch,"Saturday, February 9, 2019"," $2,494.00 ",7,31.5,0,0,0,SP,5,0,0,0
Breakfast,"Saturday, February 9, 2019", $507.00 ,7,31.5,0,0,0,SP,5,0,0,0
Dinner,"Friday, February 8, 2019"," $5,708.00 ",6,44.5,0.6,0,0,SP,5,0,0,0
Lunch,"Friday, February 8, 2019"," $2,526.00 ",6,44.5,0.6,0,0,SP,5,0,0,0
Breakfast,"Friday, February 8, 2019"," $1,025.00 ",6,44.5,0.6,0,0,SP,5,0,0,0
Dinner,"Thursday, February 7, 2019"," $6,338.00 ",5,37.5,0.48,0,0,SP,5,0,0,0
Lunch,"Thursday, February 7, 2019"," $2,443.00 ",5,37.5,0.48,0,0,SP,5,0,0,0
Breakfast,"Thursday, February 7, 2019", $963.00 ,5,37.5,0.48,0,0,SP,5,0,0,0
Dinner,"Wednesday, February 6, 2019"," $5,830.00 ",4,45,0,0,0,SP,5,0,0,0
Lunch,"Wednesday, February 6, 2019"," $2,429.00 ",4,45,0,0,0,SP,5,0,0,0
Breakfast,"Wednesday, February 6, 2019", $975.00 ,4,45,0,0,0,SP,5,0,0,0
Dinner,"Tuesday, February 5, 2019"," $6,580.00 ",3,43.5,0,0,0,SP,5,0,0,0
Lunch,"Tuesday, February 5, 2019"," $1,881.00 ",3,43.5,0,0,0,SP,5,0,0,0
Breakfast,"Tuesday, February 5, 2019", $991.00 ,3,43.5,0,0,0,SP,5,0,0,0
Dinner,"Monday, February 4, 2019"," $6,731.00 ",2,41,0,0,0,SP,5,0,0,0
Lunch,"Monday, February 4, 2019"," $2,466.00 ",2,41,0,0,0,SP,5,0,0,0
Breakfast,"Monday, February 4, 2019", $949.00 ,2,41,0,0,0,SP,5,0,0,0
Dinner,"Sunday, February 3, 2019"," $6,000.00 ",1,23.5,0,0,0,SP,5,0,0,0
Lunch,"Sunday, February 3, 2019"," $2,870.00 ",1,23.5,0,0,0,SP,5,0,0,0
Breakfast,"Sunday, February 3, 2019", $217.00 ,1,23.5,0,0,0,SP,5,0,0,0
Dinner,"Saturday, February 2, 2019"," $5,557.00 ",7,9.5,0.06,0.6,0,SP,4,0,0,0
Lunch,"Saturday, February 2, 2019"," $2,497.00 ",7,9.5,0.06,0.6,0,SP,4,0,0,0
Breakfast,"Saturday, February 2, 2019", $300.00 ,7,9.5,0.06,0.6,0,SP,4,0,0,0
Dinner,"Friday, February 1, 2019"," $5,511.00 ",6,3,0,0,0,SP,4,0,0,0
Lunch,"Friday, February 1, 2019"," $2,542.00 ",6,3,0,0,0,SP,4,0,0,0
Breakfast,"Friday, February 1, 2019", $799.00 ,6,3,0,0,0,SP,4,0,0,0
Dinner,"Thursday, January 31, 2019"," $5,653.00 ",5,5,0.01,0.2,0,SP,4,0,0,0
Lunch,"Thursday, January 31, 2019"," $3,107.00 ",5,5,0.01,0.2,0,SP,4,0,0,0
Breakfast,"Thursday, January 31, 2019", $472.00 ,5,5,0.01,0.2,0,SP,4,0,0,0
Dinner,"Wednesday, January 30, 2019"," $7,369.00 ",4,18,0.06,1.6,0,SP,4,0,0,0
Lunch,"Wednesday, January 30, 2019"," $3,077.00 ",4,18,0.06,1.6,0,SP,4,0,0,0
Breakfast,"Wednesday, January 30, 2019", $806.00 ,4,18,0.06,1.6,0,SP,4,0,0,0
Dinner,"Tuesday, January 29, 2019"," $6,300.00 ",3,19,0.03,0.3,0,SP,4,0,0,0
Lunch,"Tuesday, January 29, 2019"," $2,488.00 ",3,19,0.03,0.3,0,SP,4,0,0,0
Breakfast,"Tuesday, January 29, 2019", $888.00 ,3,19,0.03,0.3,0,SP,4,0,0,0
Dinner,"Monday, January 28, 2019"," $6,189.00 ",2,21,0.06,0.8,0,SP,4,0,0,0
Lunch,"Monday, January 28, 2019"," $2,274.00 ",2,21,0.06,0.8,0,SP,4,0,0,0
Breakfast,"Monday, January 28, 2019", $831.00 ,2,21,0.06,0.8,0,SP,4,0,0,0
Dinner,"Sunday, January 27, 2019"," $6,749.00 ",1,20.5,0,0,0,SP,4,0,0,0
Lunch,"Sunday, January 27, 2019"," $2,413.00 ",1,20.5,0,0,0,SP,4,0,0,0
Breakfast,"Sunday, January 27, 2019", $253.00 ,1,20.5,0,0,0,SP,4,0,0,0
Dinner,"Saturday, January 26, 2019"," $5,037.00 ",7,20,0,0,0,SP,3,0,0,0
Lunch,"Saturday, January 26, 2019"," $1,975.00 ",7,20,0,0,0,SP,3,0,0,0
Breakfast,"Saturday, January 26, 2019", $437.00 ,7,20,0,0,0,SP,3,0,0,0
Dinner,"Friday, January 25, 2019"," $5,864.00 ",6,33.5,0.22,0,0,SP,3,0,0,0
Lunch,"Friday, January 25, 2019"," $2,518.00 ",6,33.5,0.22,0,0,SP,3,0,0,0
Breakfast,"Friday, January 25, 2019", $822.00 ,6,33.5,0.22,0,0,SP,3,0,0,0
Dinner,"Thursday, January 24, 2019"," $4,974.00 ",5,35.5,1,0,0,SP,3,0,0,0
Lunch,"Thursday, January 24, 2019"," $3,093.00 ",5,35.5,1,0,0,SP,3,0,0,0
Breakfast,"Thursday, January 24, 2019", $924.00 ,5,35.5,1,0,0,SP,3,0,0,0
Dinner,"Wednesday, January 23, 2019"," $5,842.00 ",4,14.5,0,0,0,SP,3,0,0,0
Lunch,"Wednesday, January 23, 2019"," $1,969.00 ",4,14.5,0,0,0,SP,3,0,0,0
Breakfast,"Wednesday, January 23, 2019", $871.00 ,4,14.5,0,0,0,SP,3,0,0,0
Dinner,"Tuesday, January 22, 2019"," $5,969.00 ",3,4.5,0,0,0,SP,3,0,0,0
Lunch,"Tuesday, January 22, 2019"," $2,122.00 ",3,4.5,0,0,0,SP,3,0,0,0
Breakfast,"Tuesday, January 22, 2019", $898.00 ,3,4.5,0,0,0,SP,3,0,0,0
Dinner,"Monday, January 21, 2019"," $5,794.00 ",2,16,0,0,0,SP,3,0,0,0
Lunch,"Monday, January 21, 2019"," $2,652.00 ",2,16,0,0,0,SP,3,0,0,0
Breakfast,"Monday, January 21, 2019", $435.00 ,2,16,0,0,0,SP,3,0,0,0
Dinner,"Sunday, January 20, 2019"," $4,717.00 ",1,30.5,1.05,7,1,SP,3,0,0,0
Lunch,"Sunday, January 20, 2019"," $2,271.00 ",1,30.5,1.05,7,1,SP,3,0,0,0
Breakfast,"Sunday, January 20, 2019", $248.00 ,1,30.5,1.05,7,1,SP,3,0,0,0
Dinner,"Saturday, January 19, 2019"," $5,331.00 ",7,30,0,0,0,SP,2,0,0,0
Lunch,"Saturday, January 19, 2019"," $3,661.00 ",7,30,0,0,0,SP,2,0,0,0
Breakfast,"Saturday, January 19, 2019", $418.00 ,7,30,0,0,0,SP,2,0,0,0
Dinner,"Friday, January 18, 2019"," $6,044.00 ",6,24.5,0.04,0.6,0,SP,2,0,0,0
Lunch,"Friday, January 18, 2019"," $2,590.00 ",6,24.5,0.04,0.6,0,SP,2,0,0,0
Breakfast,"Friday, January 18, 2019", $699.00 ,6,24.5,0.04,0.6,0,SP,2,0,0,0
Dinner,"Thursday, January 17, 2019"," $5,667.00 ",5,25,0,0,0,SP,2,0,0,0
Lunch,"Thursday, January 17, 2019"," $2,104.00 ",5,25,0,0,0,SP,2,0,0,0
Breakfast,"Thursday, January 17, 2019"," $1,027.00 ",5,25,0,0,0,SP,2,0,0,0
Dinner,"Wednesday, January 16, 2019"," $5,234.00 ",4,27.5,0,0,0,SP,2,0,0,0
Lunch,"Wednesday, January 16, 2019"," $2,081.00 ",4,27.5,0,0,0,SP,2,0,0,0
Breakfast,"Wednesday, January 16, 2019", $841.00 ,4,27.5,0,0,0,SP,2,0,0,0
Dinner,"Tuesday, January 15, 2019"," $5,208.00 ",3,25,0,0,0,SP,2,0,0,0
Lunch,"Tuesday, January 15, 2019"," $2,192.00 ",3,25,0,0,0,SP,2,0,0,0
Breakfast,"Tuesday, January 15, 2019"," $1,101.00 ",3,25,0,0,0,SP,2,0,0,0
Dinner,"Monday, January 14, 2019"," $5,374.00 ",2,21,0.01,0.1,0,SP,2,0,0,0
Lunch,"Monday, January 14, 2019"," $2,203.00 ",2,21,0.01,0.1,0,SP,2,0,0,0
Breakfast,"Monday, January 14, 2019", $850.00 ,2,21,0.01,0.1,0,SP,2,0,0,0
Dinner,"Sunday, January 13, 2019"," $4,960.00 ",1,23.5,0.14,1,0,SP,2,0,0,0
Lunch,"Sunday, January 13, 2019"," $2,417.00 ",1,23.5,0.14,1,0,SP,2,0,0,0
Breakfast,"Sunday, January 13, 2019", $257.00 ,1,23.5,0.14,1,0,SP,2,0,0,0
Dinner,"Saturday, January 12, 2019"," $5,046.00 ",7,23.5,0,0,0,SP,1,0,0,0
Lunch,"Saturday, January 12, 2019"," $2,367.00 ",7,23.5,0,0,0,SP,1,0,0,0
Breakfast,"Saturday, January 12, 2019", $339.00 ,7,23.5,0,0,0,SP,1,0,0,0
Dinner,"Friday, January 11, 2019"," $4,283.00 ",6,24,0,0,0,SP,1,0,0,0
Lunch,"Friday, January 11, 2019"," $2,135.00 ",6,24,0,0,0,SP,1,0,0,0
Breakfast,"Friday, January 11, 2019", $787.00 ,6,24,0,0,0,SP,1,0,0,0
Dinner,"Thursday, January 10, 2019"," $3,987.00 ",5,29.5,0,0,0,SP,1,0,0,0
Lunch,"Thursday, January 10, 2019"," $1,952.00 ",5,29.5,0,0,0,SP,1,0,0,0
Breakfast,"Thursday, January 10, 2019", $844.00 ,5,29.5,0,0,0,SP,1,0,0,0
Dinner,"Wednesday, January 9, 2019"," $4,854.00 ",4,38.5,0.31,0,1,SP,1,0,0,0
Lunch,"Wednesday, January 9, 2019"," $1,919.00 ",4,38.5,0.31,0,1,SP,1,0,0,0
Breakfast,"Wednesday, January 9, 2019", $906.00 ,4,38.5,0.31,0,1,SP,1,0,0,0
Dinner,"Tuesday, January 8, 2019"," $4,258.00 ",3,29.5,0.08,0,1,SP,1,0,0,0
Lunch,"Tuesday, January 8, 2019"," $1,754.00 ",3,29.5,0.08,0,1,SP,1,0,0,0
Breakfast,"Tuesday, January 8, 2019", $950.00 ,3,29.5,0.08,0,1,SP,1,0,0,0
Dinner,"Monday, January 7, 2019"," $4,027.00 ",2,34,0,0,0,SP,1,0,0,0
Lunch,"Monday, January 7, 2019"," $1,782.00 ",2,34,0,0,0,SP,1,0,0,0
Breakfast,"Monday, January 7, 2019"," $1,130.00 ",2,34,0,0,0,SP,1,0,0,0
Dinner,"Friday, December 14, 2018"," $1,782.00 ",6,33.5,0.02,0.2,0,FA,16,0,0,0
Lunch,"Friday, December 14, 2018"," $1,578.00 ",6,33.5,0.02,0.2,0,FA,16,0,0,0
Breakfast,"Friday, December 14, 2018"," $1,084.00 ",6,33.5,0.02,0.2,0,FA,16,0,0,0
Dinner,"Thursday, December 13, 2018"," $3,464.00 ",5,33,0,0,0,FA,16,0,0,0
Lunch,"Thursday, December 13, 2018"," $1,987.00 ",5,33,0,0,0,FA,16,0,0,0
Breakfast,"Thursday, December 13, 2018", $791.00 ,5,33,0,0,0,FA,16,0,0,0
Dinner,"Wednesday, December 12, 2018"," $4,380.00 ",4,27,0,0,0,FA,16,0,0,0
Lunch,"Wednesday, December 12, 2018"," $2,026.00 ",4,27,0,0,0,FA,16,0,0,0
Breakfast,"Wednesday, December 12, 2018", $786.00 ,4,27,0,0,0,FA,16,0,0,0
Dinner,"Tuesday, December 11, 2018"," $5,277.00 ",3,24,0,0,0,FA,16,0,0,0
Lunch,"Tuesday, December 11, 2018"," $2,156.00 ",3,24,0,0,0,FA,16,0,0,0
Breakfast,"Tuesday, December 11, 2018", $707.00 ,3,24,0,0,0,FA,16,0,0,0
Dinner,"Monday, December 10, 2018"," $5,153.00 ",2,22,0,0,0,FA,16,0,0,0
Lunch,"Monday, December 10, 2018"," $2,338.00 ",2,22,0,0,0,FA,16,0,0,0
Breakfast,"Monday, December 10, 2018", $986.00 ,2,22,0,0,0,FA,16,0,0,0
Dinner,"Sunday, December 9, 2018"," $5,203.00 ",1,23,0,0,0,FA,16,0,0,0
Lunch,"Sunday, December 9, 2018"," $2,240.00 ",1,23,0,0,0,FA,16,0,0,0
Breakfast,"Sunday, December 9, 2018", $357.00 ,1,23,0,0,0,FA,16,0,0,0
Dinner,"Saturday, December 8, 2018"," $5,309.00 ",7,27,0,0,0,FA,15,0,0,0
Lunch,"Saturday, December 8, 2018"," $2,130.00 ",7,27,0,0,0,FA,15,0,0,0
Breakfast,"Saturday, December 8, 2018", $311.00 ,7,27,0,0,0,FA,15,0,0,0
Dinner,"Friday, December 7, 2018"," $5,368.00 ",6,30.5,0,0,0,FA,15,0,0,0
Lunch,"Friday, December 7, 2018"," $2,240.00 ",6,30.5,0,0,0,FA,15,0,0,0
Breakfast,"Friday, December 7, 2018", $716.00 ,6,30.5,0,0,0,FA,15,0,0,0
Dinner,"Thursday, December 6, 2018"," $5,116.00 ",5,28.5,0,0,0,FA,15,0,0,0
Lunch,"Thursday, December 6, 2018"," $2,117.00 ",5,28.5,0,0,0,FA,15,0,0,0
Breakfast,"Thursday, December 6, 2018", $699.00 ,5,28.5,0,0,0,FA,15,0,0,0
Dinner,"Wednesday, December 5, 2018"," $5,602.00 ",4,27.5,0,0,0,FA,15,0,0,0
Lunch,"Wednesday, December 5, 2018"," $2,029.00 ",4,27.5,0,0,0,FA,15,0,0,0
Breakfast,"Wednesday, December 5, 2018", $693.00 ,4,27.5,0,0,0,FA,15,0,0,0
Dinner,"Tuesday, December 4, 2018"," $5,618.00 ",3,38.5,0.01,0,0,FA,15,0,0,0
Lunch,"Tuesday, December 4, 2018"," $2,348.00 ",3,38.5,0.01,0,0,FA,15,0,0,0
Breakfast,"Tuesday, December 4, 2018", $667.00 ,3,38.5,0.01,0,0,FA,15,0,0,0
Dinner,"Monday, December 3, 2018"," $5,567.00 ",2,44,0.01,0,0,FA,15,0,0,0
Lunch,"Monday, December 3, 2018"," $1,885.00 ",2,44,0.01,0,0,FA,15,0,0,0
Breakfast,"Monday, December 3, 2018", $652.00 ,2,44,0.01,0,0,FA,15,0,0,0
Dinner,"Sunday, December 2, 2018"," $5,392.00 ",1,36.5,0.59,0,0,FA,15,0,0,0
Lunch,"Sunday, December 2, 2018"," $2,080.00 ",1,36.5,0.59,0,0,FA,15,0,0,0
Breakfast,"Sunday, December 2, 2018", $158.00 ,1,36.5,0.59,0,0,FA,15,0,0,0
Dinner,"Saturday, December 1, 2018"," $4,844.00 ",7,33.5,0,0,0,FA,14,0,0,0
Lunch,"Saturday, December 1, 2018"," $2,307.00 ",7,33.5,0,0,0,FA,14,0,0,0
Breakfast,"Saturday, December 1, 2018", $260.00 ,7,33.5,0,0,0,FA,14,0,0,0
Dinner,"Friday, November 30, 2018"," $4,724.00 ",6,28.5,0,0,0,FA,14,0,0,0
Lunch,"Friday, November 30, 2018"," $2,109.00 ",6,28.5,0,0,0,FA,14,0,0,0
Breakfast,"Friday, November 30, 2018", $695.00 ,6,28.5,0,0,0,FA,14,0,0,0
Dinner,"Thursday, November 29, 2018"," $5,030.00 ",5,27,0,0,0,FA,14,0,0,0
Lunch,"Thursday, November 29, 2018"," $1,927.00 ",5,27,0,0,0,FA,14,0,0,0
Breakfast,"Thursday, November 29, 2018", $738.00 ,5,27,0,0,0,FA,14,0,0,0
Dinner,"Wednesday, November 28, 2018"," $4,588.00 ",4,29.5,0,0,0,FA,14,0,0,0
Lunch,"Wednesday, November 28, 2018"," $1,761.00 ",4,29.5,0,0,0,FA,14,0,0,0
Breakfast,"Wednesday, November 28, 2018", $715.00 ,4,29.5,0,0,0,FA,14,0,0,0
Dinner,"Tuesday, November 27, 2018"," $5,278.00 ",3,39.5,0.46,0,0,FA,14,0,0,0
Lunch,"Tuesday, November 27, 2018"," $2,205.00 ",3,39.5,0.46,0,0,FA,14,0,0,0
Breakfast,"Tuesday, November 27, 2018", $985.00 ,3,39.5,0.46,0,0,FA,14,0,0,0
Dinner,"Monday, November 26, 2018"," $5,356.00 ",2,40.5,0,0,0,FA,14,0,0,0
Lunch,"Monday, November 26, 2018"," $2,033.00 ",2,40.5,0,0,0,FA,14,0,0,0
Breakfast,"Monday, November 26, 2018", $886.00 ,2,40.5,0,0,0,FA,14,0,0,0
Dinner,"Sunday, November 25, 2018"," $4,188.00 ",1,32.5,0.51,0,1,FA,14,0,0,0
Lunch,"Sunday, November 25, 2018"," $1,111.00 ",1,32.5,0.51,0,1,FA,14,0,0,0
Breakfast,"Sunday, November 25, 2018", $137.00 ,1,32.5,0.51,0,1,FA,14,0,0,0
Lunch,"Friday, November 16, 2018"," $2,725.00 ",6,29,1.52,11.5,1,FA,13,0,0,0
Breakfast,"Friday, November 16, 2018"," $1,385.00 ",6,29,1.52,11.5,1,FA,13,0,0,0
Dinner,"Friday, November 16, 2018"," $1,297.00 ",6,29,1.52,11.5,1,FA,13,0,0,0
Dinner,"Thursday, November 15, 2018"," $4,639.00 ",5,30,0,0,0,FA,13,0,0,0
Lunch,"Thursday, November 15, 2018"," $3,199.00 ",5,30,0,0,0,FA,13,0,0,0
Breakfast,"Thursday, November 15, 2018"," $1,724.00 ",5,30,0,0,0,FA,13,0,0,0
Dinner,"Wednesday, November 14, 2018"," $5,506.00 ",4,34,0,0,0,FA,13,0,0,0
Lunch,"Wednesday, November 14, 2018"," $1,709.00 ",4,34,0,0,0,FA,13,0,0,0
Breakfast,"Wednesday, November 14, 2018", $951.00 ,4,34,0,0,0,FA,13,0,0,0
Dinner,"Tuesday, November 13, 2018"," $5,728.00 ",3,34.5,0.52,0,1,FA,13,0,0,0
Lunch,"Tuesday, November 13, 2018"," $2,247.00 ",3,34.5,0.52,0,1,FA,13,0,0,0
Breakfast,"Tuesday, November 13, 2018", $815.00 ,3,34.5,0.52,0,1,FA,13,0,0,0
Dinner,"Monday, November 12, 2018"," $5,508.00 ",2,34,0,0,0,FA,13,0,0,0
Lunch,"Monday, November 12, 2018"," $2,169.00 ",2,34,0,0,0,FA,13,0,0,0
Breakfast,"Monday, November 12, 2018", $930.00 ,2,34,0,0,0,FA,13,0,0,0
Dinner,"Sunday, November 11, 2018"," $5,036.00 ",1,30.5,0,0,0,FA,13,0,0,0
Lunch,"Sunday, November 11, 2018"," $2,147.00 ",1,30.5,0,0,0,FA,13,0,0,0
Breakfast,"Sunday, November 11, 2018", $305.00 ,1,30.5,0,0,0,FA,13,0,0,0
Dinner,"Saturday, November 10, 2018"," $4,836.00 ",7,33.5,1.04,0.2,1,FA,12,1,0,0
Lunch,"Saturday, November 10, 2018"," $2,108.00 ",7,33.5,1.04,0.2,1,FA,12,1,0,0
Breakfast,"Saturday, November 10, 2018", $627.00 ,7,33.5,1.04,0.2,1,FA,12,1,0,0
Dinner,"Friday, November 9, 2018"," $5,626.00 ",6,40.5,0,0,1,FA,12,0,0,0
Lunch,"Friday, November 9, 2018"," $1,865.00 ",6,40.5,0,0,1,FA,12,0,0,0
Breakfast,"Friday, November 9, 2018", $660.00 ,6,40.5,0,0,1,FA,12,0,0,0
Dinner,"Thursday, November 8, 2018"," $4,953.00 ",5,44.5,0,0,0,FA,12,0,0,0
Lunch,"Thursday, November 8, 2018"," $2,010.00 ",5,44.5,0,0,0,FA,12,0,0,0
Breakfast,"Thursday, November 8, 2018", $968.00 ,5,44.5,0,0,0,FA,12,0,0,0
Dinner,"Wednesday, November 7, 2018"," $5,679.00 ",4,54.5,0.15,0,0,FA,12,0,0,0
Lunch,"Wednesday, November 7, 2018"," $2,095.00 ",4,54.5,0.15,0,0,FA,12,0,0,0
Breakfast,"Wednesday, November 7, 2018", $884.00 ,4,54.5,0.15,0,0,FA,12,0,0,0
Dinner,"Tuesday, November 6, 2018"," $2,361.00 ",3,49,0.3,0,0,FA,12,0,0,0
Lunch,"Tuesday, November 6, 2018"," $1,950.00 ",3,49,0.3,0,0,FA,12,0,0,0
Breakfast,"Tuesday, November 6, 2018", $763.00 ,3,49,0.3,0,0,FA,12,0,0,0
Dinner,"Monday, November 5, 2018"," $5,380.00 ",2,42,0.33,0,0,FA,12,0,0,0
Lunch,"Monday, November 5, 2018"," $2,309.00 ",2,42,0.33,0,0,FA,12,0,0,0
Breakfast,"Monday, November 5, 2018", $882.00 ,2,42,0.33,0,0,FA,12,0,0,0
Dinner,"Sunday, November 4, 2018"," $4,388.00 ",1,40,0,0,0,FA,12,0,0,0
Lunch,"Sunday, November 4, 2018"," $2,271.00 ",1,40,0,0,0,FA,12,0,0,0
Breakfast,"Sunday, November 4, 2018", $323.00 ,1,40,0,0,0,FA,12,0,0,0
Dinner,"Saturday, November 3, 2018"," $4,422.00 ",7,51,0.09,0,0,FA,11,0,0,0
Lunch,"Saturday, November 3, 2018"," $1,980.00 ",7,51,0.09,0,0,FA,11,0,0,0
Breakfast,"Saturday, November 3, 2018", $246.00 ,7,51,0.09,0,0,FA,11,0,0,0
Dinner,"Friday, November 2, 2018"," $4,341.00 ",6,57.5,0.12,0,0,FA,11,0,0,0
Lunch,"Friday, November 2, 2018"," $2,139.00 ",6,57.5,0.12,0,0,FA,11,0,0,0
Breakfast,"Friday, November 2, 2018", $795.00 ,6,57.5,0.12,0,0,FA,11,0,0,0
Dinner,"Thursday, November 1, 2018"," $5,149.00 ",5,53,0.12,0,0,FA,11,0,0,0
Lunch,"Thursday, November 1, 2018"," $2,138.00 ",5,53,0.12,0,0,FA,11,0,0,0
Breakfast,"Thursday, November 1, 2018", $873.00 ,5,53,0.12,0,0,FA,11,0,0,0
Dinner,"Wednesday, October 31, 2018"," $5,046.00 ",4,48,0,0,0,FA,11,0,0,0
Lunch,"Wednesday, October 31, 2018"," $2,063.00 ",4,48,0,0,0,FA,11,0,0,0
Breakfast,"Wednesday, October 31, 2018", $870.00 ,4,48,0,0,0,FA,11,0,0,0
Dinner,"Tuesday, October 30, 2018"," $6,249.00 ",3,43,0.03,0,0,FA,11,0,0,0
Lunch,"Tuesday, October 30, 2018"," $2,036.00 ",3,43,0.03,0,0,FA,11,0,0,0
Breakfast,"Tuesday, October 30, 2018", $869.00 ,3,43,0.03,0,0,FA,11,0,0,0
Dinner,"Monday, October 29, 2018"," $5,384.00 ",2,43,0.27,0,0,FA,11,0,0,0
Lunch,"Monday, October 29, 2018"," $2,212.00 ",2,43,0.27,0,0,FA,11,0,0,0
Breakfast,"Monday, October 29, 2018", $813.00 ,2,43,0.27,0,0,FA,11,0,0,0
Dinner,"Sunday, October 28, 2018"," $5,477.00 ",1,40.5,0.72,0,0,FA,11,0,0,0
Lunch,"Sunday, October 28, 2018"," $2,140.00 ",1,40.5,0.72,0,0,FA,11,0,0,0
Breakfast,"Sunday, October 28, 2018", $204.00 ,1,40.5,0.72,0,0,FA,11,0,0,0
Dinner,"Saturday, October 27, 2018"," $4,457.00 ",7,40.5,0.73,0,0,FA,10,1,0,0
Lunch,"Saturday, October 27, 2018"," $1,939.00 ",7,40.5,0.73,0,0,FA,10,1,0,0
Breakfast,"Saturday, October 27, 2018", $337.00 ,7,40.5,0.73,0,0,FA,10,1,0,0
Dinner,"Friday, October 26, 2018"," $4,280.00 ",6,40,0,0,0,FA,10,0,0,0
Lunch,"Friday, October 26, 2018"," $2,188.00 ",6,40,0,0,0,FA,10,0,0,0
Breakfast,"Friday, October 26, 2018", $832.00 ,6,40,0,0,0,FA,10,0,0,0
Dinner,"Thursday, October 25, 2018"," $4,802.00 ",5,41,0,0,0,FA,10,0,0,0
Lunch,"Thursday, October 25, 2018"," $2,202.00 ",5,41,0,0,0,FA,10,0,0,0
Breakfast,"Thursday, October 25, 2018", $811.00 ,5,41,0,0,0,FA,10,0,0,0
Dinner,"Wednesday, October 24, 2018"," $5,540.00 ",4,49,0,0,0,FA,10,0,0,0
Lunch,"Wednesday, October 24, 2018"," $2,017.00 ",4,49,0,0,0,FA,10,0,0,0
Breakfast,"Wednesday, October 24, 2018", $806.00 ,4,49,0,0,0,FA,10,0,0,0
Dinner,"Tuesday, October 23, 2018"," $4,897.00 ",3,45.5,0,0,0,FA,10,0,0,0
Lunch,"Tuesday, October 23, 2018"," $2,061.00 ",3,45.5,0,0,0,FA,10,0,0,0
Breakfast,"Tuesday, October 23, 2018", $968.00 ,3,45.5,0,0,0,FA,10,0,0,0
Dinner,"Monday, October 22, 2018"," $5,459.00 ",2,38.5,0,0,0,FA,10,0,0,0
Lunch,"Monday, October 22, 2018"," $2,301.00 ",2,38.5,0,0,0,FA,10,0,0,0
Breakfast,"Monday, October 22, 2018", $755.00 ,2,38.5,0,0,0,FA,10,0,0,0
Dinner,"Sunday, October 21, 2018"," $4,860.00 ",1,45.5,0.36,0,1,FA,10,0,0,0
Lunch,"Sunday, October 21, 2018"," $1,660.00 ",1,45.5,0.36,0,1,FA,10,0,0,0
Breakfast,"Sunday, October 21, 2018", $356.00 ,1,45.5,0.36,0,1,FA,10,0,0,0
Dinner,"Saturday, October 20, 2018"," $3,425.00 ",7,46,0.03,0,0,FA,9,0,0,0
Lunch,"Saturday, October 20, 2018"," $1,718.00 ",7,46,0.03,0,0,FA,9,0,0,0
Breakfast,"Saturday, October 20, 2018", $284.00 ,7,46,0.03,0,0,FA,9,0,0,0
Dinner,"Friday, October 19, 2018"," $4,328.00 ",6,42.5,0,0,0,FA,9,0,0,0
Lunch,"Friday, October 19, 2018"," $2,371.00 ",6,42.5,0,0,0,FA,9,0,0,0
Breakfast,"Friday, October 19, 2018", $832.00 ,6,42.5,0,0,0,FA,9,0,0,0
Dinner,"Thursday, October 18, 2018"," $5,697.00 ",5,45.5,0.01,0,0,FA,9,0,0,0
Lunch,"Thursday, October 18, 2018"," $2,105.00 ",5,45.5,0.01,0,0,FA,9,0,0,0
Breakfast,"Thursday, October 18, 2018", $828.00 ,5,45.5,0.01,0,0,FA,9,0,0,0
Dinner,"Wednesday, October 17, 2018"," $5,515.00 ",4,46,0,0,0,FA,9,0,0,0
Lunch,"Wednesday, October 17, 2018"," $2,120.00 ",4,46,0,0,0,FA,9,0,0,0
Breakfast,"Wednesday, October 17, 2018"," $1,050.00 ",4,46,0,0,0,FA,9,0,0,0
Dinner,"Tuesday, October 16, 2018"," $5,764.00 ",3,51.5,0.07,0,0,FA,9,0,0,0
Lunch,"Tuesday, October 16, 2018"," $2,197.00 ",3,51.5,0.07,0,0,FA,9,0,0,0
Breakfast,"Tuesday, October 16, 2018", $966.00 ,3,51.5,0.07,0,0,FA,9,0,0,0
Dinner,"Monday, October 15, 2018"," $5,609.00 ",2,46.5,0.02,0,0,FA,9,0,0,0
Lunch,"Monday, October 15, 2018"," $2,193.00 ",2,46.5,0.02,0,0,FA,9,0,0,0
Breakfast,"Monday, October 15, 2018"," $1,032.00 ",2,46.5,0.02,0,0,FA,9,0,0,0
Dinner,"Sunday, October 14, 2018"," $5,421.00 ",1,45.5,0.02,0,0,FA,9,0,1,0
Lunch,"Sunday, October 14, 2018"," $2,361.00 ",1,45.5,0.02,0,0,FA,9,0,1,0
Breakfast,"Sunday, October 14, 2018", $215.00 ,1,45.5,0.02,0,0,FA,9,0,1,0
Dinner,"Saturday, October 13, 2018"," $5,223.00 ",7,46.5,0.26,0,0,FA,8,1,1,0
Lunch,"Saturday, October 13, 2018"," $2,033.00 ",7,46.5,0.26,0,0,FA,8,1,1,0
Breakfast,"Saturday, October 13, 2018", $662.00 ,7,46.5,0.26,0,0,FA,8,1,1,0
Dinner,"Friday, October 12, 2018"," $4,619.00 ",6,59.5,0.13,0,0,FA,8,1,0,0
Lunch,"Friday, October 12, 2018"," $2,513.00 ",6,59.5,0.13,0,0,FA,8,1,0,0
Breakfast,"Friday, October 12, 2018", $919.00 ,6,59.5,0.13,0,0,FA,8,1,0,0
Dinner,"Thursday, October 11, 2018"," $5,036.00 ",5,74.5,0.33,0,0,FA,8,1,0,0
Lunch,"Thursday, October 11, 2018"," $2,147.00 ",5,74.5,0.33,0,0,FA,8,1,0,0
Breakfast,"Thursday, October 11, 2018", $305.00 ,5,74.5,0.33,0,0,FA,8,1,0,0
Dinner,"Wednesday, October 10, 2018"," $5,628.00 ",4,75,0,0,0,FA,8,1,0,0
Lunch,"Wednesday, October 10, 2018"," $2,630.00 ",4,75,0,0,0,FA,8,1,0,0
Breakfast,"Wednesday, October 10, 2018"," $1,000.00 ",4,75,0,0,0,FA,8,1,0,0
Dinner,"Tuesday, October 9, 2018"," $6,257.00 ",3,72.5,0,0,0,FA,8,1,0,0
Lunch,"Tuesday, October 9, 2018"," $2,124.00 ",3,72.5,0,0,0,FA,8,1,0,0
Breakfast,"Tuesday, October 9, 2018"," $1,021.00 ",3,72.5,0,0,0,FA,8,1,0,0
Dinner,"Monday, October 8, 2018"," $5,944.00 ",2,74.5,0,0,0,FA,8,1,0,0
Lunch,"Monday, October 8, 2018"," $2,443.00 ",2,74.5,0,0,0,FA,8,1,0,0
Breakfast,"Monday, October 8, 2018", $961.00 ,2,74.5,0,0,0,FA,8,1,0,0
Dinner,"Sunday, October 7, 2018"," $5,606.00 ",1,69,0.15,0,0,FA,8,1,0,0
Lunch,"Sunday, October 7, 2018"," $1,974.00 ",1,69,0.15,0,0,FA,8,1,0,0
Breakfast,"Sunday, October 7, 2018", $300.00 ,1,69,0.15,0,0,FA,8,1,0,0
Dinner,"Saturday, October 6, 2018"," $4,331.00 ",7,57,0.02,0,0,FA,7,0,0,0
Lunch,"Saturday, October 6, 2018"," $1,496.00 ",7,57,0.02,0,0,FA,7,0,0,0
Breakfast,"Saturday, October 6, 2018", $165.00 ,7,57,0.02,0,0,FA,7,0,0,0
Dinner,"Friday, October 5, 2018"," $4,558.00 ",6,62.5,0.21,0,0,FA,7,0,0,0
Lunch,"Friday, October 5, 2018"," $2,077.00 ",6,62.5,0.21,0,0,FA,7,0,0,0
Breakfast,"Friday, October 5, 2018", $931.00 ,6,62.5,0.21,0,0,FA,7,0,0,0
Dinner,"Thursday, October 4, 2018"," $5,445.00 ",5,66.5,0,0,0,FA,7,0,0,0
Lunch,"Thursday, October 4, 2018"," $2,154.00 ",5,66.5,0,0,0,FA,7,0,0,0
Breakfast,"Thursday, October 4, 2018"," $1,060.00 ",5,66.5,0,0,0,FA,7,0,0,0
Dinner,"Wednesday, October 3, 2018"," $5,789.00 ",4,69,0.91,0,1,FA,7,0,0,0
Lunch,"Wednesday, October 3, 2018"," $2,171.00 ",4,69,0.91,0,1,FA,7,0,0,0
Breakfast,"Wednesday, October 3, 2018"," $1,103.00 ",4,69,0.91,0,1,FA,7,0,0,0
Dinner,"Tuesday, October 2, 2018"," $5,614.00 ",3,66,0,0,0,FA,7,0,0,0
Lunch,"Tuesday, October 2, 2018"," $2,595.00 ",3,66,0,0,0,FA,7,0,0,0
Breakfast,"Tuesday, October 2, 2018", $977.00 ,3,66,0,0,0,FA,7,0,0,0
Dinner,"Monday, October 1, 2018"," $6,889.00 ",2,56.5,0,0,0,FA,7,0,0,0
Lunch,"Monday, October 1, 2018"," $2,600.00 ",2,56.5,0,0,0,FA,7,0,0,0
Breakfast,"Monday, October 1, 2018"," $1,169.00 ",2,56.5,0,0,0,FA,7,0,0,0
Dinner,"Sunday, September 30, 2018"," $6,192.00 ",1,54,0,0,0,FA,7,0,0,0
Lunch,"Sunday, September 30, 2018"," $2,822.00 ",1,54,0,0,0,FA,7,0,0,0
Breakfast,"Sunday, September 30, 2018", $235.00 ,1,54,0,0,0,FA,7,0,0,0
Dinner,"Saturday, September 29, 2018"," $3,375.00 ",7,58.5,0,0,0,FA,6,1,0,0
Lunch,"Saturday, September 29, 2018"," $2,341.00 ",7,58.5,0,0,0,FA,6,1,0,0
Breakfast,"Saturday, September 29, 2018", $609.00 ,7,58.5,0,0,0,FA,6,1,0,0
Dinner,"Friday, September 28, 2018"," $5,710.00 ",6,56.5,0.53,0,0,FA,6,0,0,0
Lunch,"Friday, September 28, 2018"," $2,157.00 ",6,56.5,0.53,0,0,FA,6,0,0,0
Breakfast,"Friday, September 28, 2018", $918.00 ,6,56.5,0.53,0,0,FA,6,0,0,0
Dinner,"Thursday, September 27, 2018"," $5,356.00 ",5,64.5,0.14,0,0,FA,6,0,0,0
Lunch,"Thursday, September 27, 2018"," $2,406.00 ",5,64.5,0.14,0,0,FA,6,0,0,0
Breakfast,"Thursday, September 27, 2018", $939.00 ,5,64.5,0.14,0,0,FA,6,0,0,0
Dinner,"Wednesday, September 26, 2018"," $5,913.00 ",4,63.5,0.42,0,0,FA,6,0,0,0
Lunch,"Wednesday, September 26, 2018"," $2,380.00 ",4,63.5,0.42,0,0,FA,6,0,0,0
Breakfast,"Wednesday, September 26, 2018", $976.00 ,4,63.5,0.42,0,0,FA,6,0,0,0
Dinner,"Tuesday, September 25, 2018"," $5,967.00 ",3,58.5,0.67,0,0,FA,6,0,0,0
Lunch,"Tuesday, September 25, 2018"," $2,125.00 ",3,58.5,0.67,0,0,FA,6,0,0,0
Breakfast,"Tuesday, September 25, 2018"," $1,049.00 ",3,58.5,0.67,0,0,FA,6,0,0,0
Dinner,"Monday, September 24, 2018"," $5,198.00 ",2,57.5,0,0,0,FA,6,0,0,0
Lunch,"Monday, September 24, 2018"," $2,188.00 ",2,57.5,0,0,0,FA,6,0,0,0
Breakfast,"Monday, September 24, 2018", $957.00 ,2,57.5,0,0,0,FA,6,0,0,0
Dinner,"Sunday, September 23, 2018"," $4,986.00 ",1,57,0,0,0,FA,6,0,0,0
Lunch,"Sunday, September 23, 2018"," $2,006.00 ",1,57,0,0,0,FA,6,0,0,0
Breakfast,"Sunday, September 23, 2018", $274.00 ,1,57,0,0,0,FA,6,0,0,0
Dinner,"Saturday, September 22, 2018"," $4,818.00 ",7,69,0.02,0,0,FA,5,0,0,0
Lunch,"Saturday, September 22, 2018"," $1,911.00 ",7,69,0.02,0,0,FA,5,0,0,0
Breakfast,"Saturday, September 22, 2018", $341.00 ,7,69,0.02,0,0,FA,5,0,0,0
Dinner,"Friday, September 21, 2018"," $4,961.00 ",6,69,0,0,0,FA,5,0,0,0
Lunch,"Friday, September 21, 2018"," $2,462.00 ",6,69,0,0,0,FA,5,0,0,0
Breakfast,"Friday, September 21, 2018", $977.00 ,6,69,0,0,0,FA,5,0,0,0
Dinner,"Thursday, September 20, 2018"," $5,166.00 ",5,69.5,0,0,0,FA,5,0,0,0
Lunch,"Thursday, September 20, 2018"," $2,239.00 ",5,69.5,0,0,0,FA,5,0,0,0
Breakfast,"Thursday, September 20, 2018"," $1,013.00 ",5,69.5,0,0,0,FA,5,0,0,0
Dinner,"Wednesday, September 19, 2018"," $6,085.00 ",4,72,0,0,0,FA,5,0,0,0
Lunch,"Wednesday, September 19, 2018"," $2,294.00 ",4,72,0,0,0,FA,5,0,0,0
Breakfast,"Wednesday, September 19, 2018", $981.00 ,4,72,0,0,0,FA,5,0,0,0
Dinner,"Tuesday, September 18, 2018"," $5,797.00 ",3,68.5,0.94,0,0,FA,5,0,0,0
Lunch,"Tuesday, September 18, 2018"," $2,306.00 ",3,68.5,0.94,0,0,FA,5,0,0,0
Breakfast,"Tuesday, September 18, 2018"," $1,090.00 ",3,68.5,0.94,0,0,FA,5,0,0,0
Dinner,"Monday, September 17, 2018"," $5,696.00 ",2,71.5,0,0,0,FA,5,0,0,0
Lunch,"Monday, September 17, 2018"," $2,134.00 ",2,71.5,0,0,0,FA,5,0,0,0
Breakfast,"Monday, September 17, 2018", $911.00 ,2,71.5,0,0,0,FA,5,0,0,0
Dinner,"Sunday, September 16, 2018"," $5,260.00 ",1,70.5,0,0,0,FA,5,0,0,0
Lunch,"Sunday, September 16, 2018"," $2,407.00 ",1,70.5,0,0,0,FA,5,0,0,0
Breakfast,"Sunday, September 16, 2018", $336.00 ,1,70.5,0,0,0,FA,5,0,0,0
Dinner,"Saturday, September 15, 2018"," $5,197.00 ",7,71.5,0,0,0,FA,4,1,0,0
Lunch,"Saturday, September 15, 2018"," $2,106.00 ",7,71.5,0,0,0,FA,4,1,0,0
Breakfast,"Saturday, September 15, 2018", $917.00 ,7,71.5,0,0,0,FA,4,1,0,0
Dinner,"Friday, September 14, 2018"," $4,903.00 ",6,73.5,0.01,0,0,FA,4,0,0,0
Lunch,"Friday, September 14, 2018"," $2,143.00 ",6,73.5,0.01,0,0,FA,4,0,0,0
Breakfast,"Friday, September 14, 2018", $830.00 ,6,73.5,0.01,0,0,FA,4,0,0,0
Dinner,"Thursday, September 13, 2018"," $5,214.00 ",5,67,0.03,0,0,FA,4,0,0,0
Lunch,"Thursday, September 13, 2018"," $2,235.00 ",5,67,0.03,0,0,FA,4,0,0,0
Breakfast,"Thursday, September 13, 2018", $850.00 ,5,67,0.03,0,0,FA,4,0,0,0
Dinner,"Wednesday, September 12, 2018"," $5,897.00 ",4,64,0.03,0,0,FA,4,0,0,0
Lunch,"Wednesday, September 12, 2018"," $1,985.00 ",4,64,0.03,0,0,FA,4,0,0,0
Breakfast,"Wednesday, September 12, 2018"," $1,187.00 ",4,64,0.03,0,0,FA,4,0,0,0
Dinner,"Tuesday, September 11, 2018"," $6,184.00 ",3,55.5,2.35,0,0,FA,4,0,0,0
Lunch,"Tuesday, September 11, 2018"," $2,331.00 ",3,55.5,2.35,0,0,FA,4,0,0,0
Breakfast,"Tuesday, September 11, 2018"," $1,224.00 ",3,55.5,2.35,0,0,FA,4,0,0,0
Dinner,"Monday, September 10, 2018"," $5,820.00 ",2,53,2.36,0,0,FA,4,0,0,0
Lunch,"Monday, September 10, 2018"," $2,270.00 ",2,53,2.36,0,0,FA,4,0,0,0
Breakfast,"Monday, September 10, 2018", $899.00 ,2,53,2.36,0,0,FA,4,0,0,0
Dinner,"Sunday, September 9, 2018"," $4,855.00 ",1,57.5,0.98,0,0,FA,4,0,0,0
Lunch,"Sunday, September 9, 2018"," $2,208.00 ",1,57.5,0.98,0,0,FA,4,0,0,0
Breakfast,"Sunday, September 9, 2018", $232.00 ,1,57.5,0.98,0,0,FA,4,0,0,0
Dinner,"Saturday, September 8, 2018"," $4,557.00 ",7,68,0.15,0,0,FA,3,0,0,0
Lunch,"Saturday, September 8, 2018"," $2,110.00 ",7,68,0.15,0,0,FA,3,0,0,0
Breakfast,"Saturday, September 8, 2018", $271.00 ,7,68,0.15,0,0,FA,3,0,0,0
Dinner,"Friday, September 7, 2018"," $4,487.00 ",6,77,0.11,0,0,FA,3,0,0,0
Lunch,"Friday, September 7, 2018"," $2,567.00 ",6,77,0.11,0,0,FA,3,0,0,0
Breakfast,"Friday, September 7, 2018", $840.00 ,6,77,0.11,0,0,FA,3,0,0,0
Dinner,"Thursday, September 6, 2018"," $5,140.00 ",5,81,0,0,0,FA,3,0,0,0
Lunch,"Thursday, September 6, 2018"," $2,091.00 ",5,81,0,0,0,FA,3,0,0,0
Breakfast,"Thursday, September 6, 2018"," $1,101.00 ",5,81,0,0,0,FA,3,0,0,0
Dinner,"Wednesday, September 5, 2018"," $5,125.00 ",4,78.5,0,0,0,FA,3,0,0,0
Lunch,"Wednesday, September 5, 2018"," $1,937.00 ",4,78.5,0,0,0,FA,3,0,0,0
Breakfast,"Wednesday, September 5, 2018"," $1,130.00 ",4,78.5,0,0,0,FA,3,0,0,0
Dinner,"Tuesday, September 4, 2018"," $5,870.00 ",3,78,0,0,0,FA,3,0,0,0
Lunch,"Tuesday, September 4, 2018"," $2,049.00 ",3,78,0,0,0,FA,3,0,0,0
Breakfast,"Tuesday, September 4, 2018"," $1,154.00 ",3,78,0,0,0,FA,3,0,0,0
Dinner,"Monday, September 3, 2018"," $4,880.00 ",2,76.5,0,0,0,FA,3,0,0,0
Lunch,"Monday, September 3, 2018"," $2,248.00 ",2,76.5,0,0,0,FA,3,0,0,0
Breakfast,"Monday, September 3, 2018", $401.00 ,2,76.5,0,0,0,FA,3,0,0,0
Dinner,"Sunday, September 2, 2018"," $4,256.00 ",1,71.5,0,0,0,FA,3,0,0,0
Lunch,"Sunday, September 2, 2018"," $1,651.00 ",1,71.5,0,0,0,FA,3,0,0,0
Breakfast,"Sunday, September 2, 2018", $298.00 ,1,71.5,0,0,0,FA,3,0,0,0
Dinner,"Saturday, September 1, 2018"," $4,614.00 ",7,70.5,0.25,0,0,FA,2,1,0,0
Lunch,"Saturday, September 1, 2018"," $1,317.00 ",7,70.5,0.25,0,0,FA,2,1,0,0
Breakfast,"Saturday, September 1, 2018", $735.00 ,7,70.5,0.25,0,0,FA,2,1,0,0
Dinner,"Friday, August 31, 2018"," $4,752.00 ",6,74,0.54,0,1,FA,2,0,0,0
Lunch,"Friday, August 31, 2018"," $2,225.00 ",6,74,0.54,0,1,FA,2,0,0,0
Breakfast,"Friday, August 31, 2018", $792.00 ,6,74,0.54,0,1,FA,2,0,0,0
Dinner,"Thursday, August 30, 2018"," $4,548.00 ",5,80,0,0,0,FA,2,0,0,0
Lunch,"Thursday, August 30, 2018"," $1,924.00 ",5,80,0,0,0,FA,2,0,0,0
Breakfast,"Thursday, August 30, 2018", $840.00 ,5,80,0,0,0,FA,2,0,0,0
Dinner,"Wednesday, August 29, 2018"," $5,023.00 ",4,80,0,0,0,FA,2,0,0,0
Lunch,"Wednesday, August 29, 2018"," $2,159.00 ",4,80,0,0,0,FA,2,0,0,0
Breakfast,"Wednesday, August 29, 2018", $822.00 ,4,80,0,0,0,FA,2,0,0,0
Dinner,"Tuesday, August 28, 2018"," $4,990.00 ",3,78.5,0,0,0,FA,2,0,0,0
Lunch,"Tuesday, August 28, 2018"," $2,174.00 ",3,78.5,0,0,0,FA,2,0,0,0
Breakfast,"Tuesday, August 28, 2018"," $1,194.00 ",3,78.5,0,0,0,FA,2,0,0,0
Dinner,"Monday, August 27, 2018"," $4,856.00 ",2,71.5,0,0,0,FA,2,0,0,0
Lunch,"Monday, August 27, 2018"," $1,987.00 ",2,71.5,0,0,0,FA,2,0,0,0
Breakfast,"Monday, August 27, 2018", $771.00 ,2,71.5,0,0,0,FA,2,0,0,0
Dinner,"Sunday, August 26, 2018"," $5,127.00 ",1,68,0,0,0,FA,2,0,0,0
Lunch,"Sunday, August 26, 2018"," $2,133.00 ",1,68,0,0,0,FA,2,0,0,0
Breakfast,"Sunday, August 26, 2018", $235.00 ,1,68,0,0,0,FA,2,0,0,0
Dinner,"Saturday, August 25, 2018"," $4,021.00 ",7,67,0,0,0,FA,1,0,0,0
Lunch,"Saturday, August 25, 2018"," $2,261.00 ",7,67,0,0,0,FA,1,0,0,0
Breakfast,"Saturday, August 25, 2018", $381.00 ,7,67,0,0,0,FA,1,0,0,0
Dinner,"Friday, August 24, 2018"," $3,290.00 ",6,63.5,0,0,0,FA,1,0,0,0
Lunch,"Friday, August 24, 2018"," $1,789.00 ",6,63.5,0,0,0,FA,1,0,0,0
Breakfast,"Friday, August 24, 2018", $784.00 ,6,63.5,0,0,0,FA,1,0,0,0
Dinner,"Thursday, August 23, 2018"," $3,756.00 ",5,65.5,0,0,0,FA,1,0,0,0
Lunch,"Thursday, August 23, 2018"," $1,855.00 ",5,65.5,0,0,0,FA,1,0,0,0
Breakfast,"Thursday, August 23, 2018", $810.00 ,5,65.5,0,0,0,FA,1,0,0,0
Dinner,"Wednesday, August 22, 2018"," $3,385.00 ",4,69,0.29,0,1,FA,1,0,0,0
Lunch,"Wednesday, August 22, 2018"," $1,962.00 ",4,69,0.29,0,1,FA,1,0,0,0
Breakfast,"Wednesday, August 22, 2018", $758.00 ,4,69,0.29,0,1,FA,1,0,0,0
Dinner,"Tuesday, August 21, 2018"," $3,150.00 ",3,67.5,0.12,0,0,FA,1,0,0,0
Lunch,"Tuesday, August 21, 2018"," $1,731.00 ",3,67.5,0.12,0,0,FA,1,0,0,0
Breakfast,"Tuesday, August 21, 2018", $916.00 ,3,67.5,0.12,0,0,FA,1,0,0,0
Dinner,"Monday, August 20, 2018"," $3,409.00 ",2,66.5,0.05,0,0,FA,1,0,0,0
Lunch,"Monday, August 20, 2018"," $1,669.00 ",2,66.5,0.05,0,0,FA,1,0,0,0
Breakfast,"Monday, August 20, 2018", $879.00 ,2,66.5,0.05,0,0,FA,1,0,0,0
Lunch,"Friday, May 4, 2018"," $3,761.00 ",6,75.5,0.19,0,0,SP,16,0,0,0
Dinner,"Friday, May 4, 2018"," $3,649.00 ",6,75.5,0.19,0,0,SP,16,0,0,0
Breakfast,"Friday, May 4, 2018"," $2,250.00 ",6,75.5,0.19,0,0,SP,16,0,0,0
Dinner,"Thursday, May 3, 2018"," $5,756.00 ",5,74,0,0,0,SP,16,0,0,0
Lunch,"Thursday, May 3, 2018"," $4,189.00 ",5,74,0,0,0,SP,16,0,0,0
Breakfast,"Thursday, May 3, 2018"," $1,021.00 ",5,74,0,0,0,SP,16,0,0,0
Dinner,"Wednesday, May 2, 2018"," $6,531.00 ",4,66,0,0,0,SP,16,0,0,0
Lunch,"Wednesday, May 2, 2018"," $3,169.00 ",4,66,0,0,0,SP,16,0,0,0
Breakfast,"Wednesday, May 2, 2018"," $1,162.00 ",4,66,0,0,0,SP,16,0,0,0
Dinner,"Tuesday, May 1, 2018"," $6,264.00 ",3,52,0,0,0,SP,16,0,0,0
Lunch,"Tuesday, May 1, 2018"," $3,252.00 ",3,52,0,0,0,SP,16,0,0,0
Breakfast,"Tuesday, May 1, 2018"," $1,213.00 ",3,52,0,0,0,SP,16,0,0,0
Dinner,"Monday, April 30, 2018"," $5,812.00 ",2,39.5,0,0,0,SP,16,0,0,0
Lunch,"Monday, April 30, 2018"," $2,694.00 ",2,39.5,0,0,0,SP,16,0,0,0
Breakfast,"Monday, April 30, 2018"," $1,084.00 ",2,39.5,0,0,0,SP,16,0,0,0
Dinner,"Sunday, April 29, 2018"," $5,796.00 ",1,49,0.01,0,0,SP,16,0,0,0
Lunch,"Sunday, April 29, 2018"," $3,119.00 ",1,49,0.01,0,0,SP,16,0,0,0
Breakfast,"Sunday, April 29, 2018", $454.00 ,1,49,0.01,0,0,SP,16,0,0,0
Dinner,"Saturday, April 28, 2018"," $5,602.00 ",7,52,0.4,0,1,SP,15,0,0,0
Lunch,"Saturday, April 28, 2018"," $2,552.00 ",7,52,0.4,0,1,SP,15,0,0,0
Breakfast,"Saturday, April 28, 2018", $421.00 ,7,52,0.4,0,1,SP,15,0,0,0
Dinner,"Friday, April 27, 2018"," $5,446.00 ",6,52.5,0.01,0,0,SP,15,0,0,0
Lunch,"Friday, April 27, 2018"," $2,551.00 ",6,52.5,0.01,0,0,SP,15,0,0,0
Breakfast,"Friday, April 27, 2018", $766.00 ,6,52.5,0.01,0,0,SP,15,0,0,0
Dinner,"Thursday, April 26, 2018"," $5,886.00 ",5,50.5,0.01,0,0,SP,15,0,0,0
Lunch,"Thursday, April 26, 2018"," $3,389.00 ",5,50.5,0.01,0,0,SP,15,0,0,0
Breakfast,"Thursday, April 26, 2018", $845.00 ,5,50.5,0.01,0,0,SP,15,0,0,0
Dinner,"Wednesday, April 25, 2018"," $6,426.00 ",4,53.5,0.19,0,0,SP,15,0,0,0
Lunch,"Wednesday, April 25, 2018"," $2,531.00 ",4,53.5,0.19,0,0,SP,15,0,0,0
Breakfast,"Wednesday, April 25, 2018", $781.00 ,4,53.5,0.19,0,0,SP,15,0,0,0
Dinner,"Tuesday, April 24, 2018"," $6,380.00 ",3,56.5,0,0,0,SP,15,0,0,0
Lunch,"Tuesday, April 24, 2018"," $2,519.00 ",3,56.5,0,0,0,SP,15,0,0,0
Breakfast,"Tuesday, April 24, 2018", $986.00 ,3,56.5,0,0,0,SP,15,0,0,0
Dinner,"Monday, April 23, 2018"," $6,101.00 ",2,51,0,0,0,SP,15,0,0,0
Lunch,"Monday, April 23, 2018"," $2,857.00 ",2,51,0,0,0,SP,15,0,0,0
Breakfast,"Monday, April 23, 2018", $830.00 ,2,51,0,0,0,SP,15,0,0,0
Dinner,"Sunday, April 22, 2018"," $6,035.00 ",1,46.5,0,0,0,SP,15,0,0,0
Lunch,"Sunday, April 22, 2018"," $2,804.00 ",1,46.5,0,0,0,SP,15,0,0,0
Breakfast,"Sunday, April 22, 2018", $489.00 ,1,46.5,0,0,0,SP,15,0,0,0
Dinner,"Saturday, April 21, 2018"," $6,581.00 ",7,41.5,0,0,0,SP,14,0,0,0
Lunch,"Saturday, April 21, 2018"," $1,930.00 ",7,41.5,0,0,0,SP,14,0,0,0
Breakfast,"Saturday, April 21, 2018", $999.00 ,7,41.5,0,0,0,SP,14,0,0,0
Dinner,"Friday, April 20, 2018"," $5,849.00 ",6,35,0.09,0,0,SP,14,0,0,0
Lunch,"Friday, April 20, 2018"," $2,315.00 ",6,35,0.09,0,0,SP,14,0,0,0
Breakfast,"Friday, April 20, 2018", $803.00 ,6,35,0.09,0,0,SP,14,0,0,0
Dinner,"Thursday, April 19, 2018"," $5,429.00 ",5,42,0.1,0,0,SP,14,0,0,0
Lunch,"Thursday, April 19, 2018"," $2,260.00 ",5,42,0.1,0,0,SP,14,0,0,0
Breakfast,"Thursday, April 19, 2018", $775.00 ,5,42,0.1,0,0,SP,14,0,0,0
Dinner,"Wednesday, April 18, 2018"," $6,544.00 ",4,33.5,0.02,0,0,SP,14,0,0,0
Lunch,"Wednesday, April 18, 2018"," $2,167.00 ",4,33.5,0.02,0,0,SP,14,0,0,0
Breakfast,"Wednesday, April 18, 2018", $704.00 ,4,33.5,0.02,0,0,SP,14,0,0,0
Dinner,"Tuesday, April 17, 2018"," $6,509.00 ",3,37.5,0.21,0,0,SP,14,0,0,0
Lunch,"Tuesday, April 17, 2018"," $2,211.00 ",3,37.5,0.21,0,0,SP,14,0,0,0
Breakfast,"Tuesday, April 17, 2018", $941.00 ,3,37.5,0.21,0,0,SP,14,0,0,0
Dinner,"Monday, April 16, 2018"," $6,505.00 ",2,43.5,1.56,0,0,SP,14,0,0,0
Lunch,"Monday, April 16, 2018"," $2,204.00 ",2,43.5,1.56,0,0,SP,14,0,0,0
Breakfast,"Monday, April 16, 2018", $860.00 ,2,43.5,1.56,0,0,SP,14,0,0,0
Dinner,"Sunday, April 15, 2018"," $5,847.00 ",1,63.5,0,0,0,SP,14,0,0,0
Lunch,"Sunday, April 15, 2018"," $2,554.00 ",1,63.5,0,0,0,SP,14,0,0,0
Breakfast,"Sunday, April 15, 2018", $279.00 ,1,63.5,0,0,0,SP,14,0,0,0
Dinner,"Saturday, April 14, 2018"," $5,202.00 ",7,69.5,0,0,0,SP,13,0,0,0
Lunch,"Saturday, April 14, 2018"," $2,203.00 ",7,69.5,0,0,0,SP,13,0,0,0
Breakfast,"Saturday, April 14, 2018", $460.00 ,7,69.5,0,0,0,SP,13,0,0,0
Dinner,"Friday, April 13, 2018"," $5,415.00 ",6,56.5,0.03,0,0,SP,13,0,0,0
Lunch,"Friday, April 13, 2018"," $2,513.00 ",6,56.5,0.03,0,0,SP,13,0,0,0
Breakfast,"Friday, April 13, 2018"," $1,005.00 ",6,56.5,0.03,0,0,SP,13,0,0,0
Dinner,"Thursday, April 12, 2018"," $6,268.00 ",5,39.5,0.05,0,0,SP,13,0,0,0
Lunch,"Thursday, April 12, 2018"," $2,316.00 ",5,39.5,0.05,0,0,SP,13,0,0,0
Breakfast,"Thursday, April 12, 2018", $783.00 ,5,39.5,0.05,0,0,SP,13,0,0,0
Dinner,"Wednesday, April 11, 2018"," $6,351.00 ",4,35.5,0,0,0,SP,13,0,0,0
Lunch,"Wednesday, April 11, 2018"," $2,176.00 ",4,35.5,0,0,0,SP,13,0,0,0
Breakfast,"Wednesday, April 11, 2018", $820.00 ,4,35.5,0,0,0,SP,13,0,0,0
Dinner,"Tuesday, April 10, 2018"," $6,717.00 ",3,33.5,0.04,1,0,SP,13,0,0,0
Lunch,"Tuesday, April 10, 2018"," $2,215.00 ",3,33.5,0.04,1,0,SP,13,0,0,0
Breakfast,"Tuesday, April 10, 2018"," $1,016.00 ",3,33.5,0.04,1,0,SP,13,0,0,0
Dinner,"Monday, April 9, 2018"," $6,407.00 ",2,31.5,0,0,0,SP,13,0,0,0
Lunch,"Monday, April 9, 2018"," $2,473.00 ",2,31.5,0,0,0,SP,13,0,0,0
Breakfast,"Monday, April 9, 2018", $904.00 ,2,31.5,0,0,0,SP,13,0,0,0
Dinner,"Sunday, April 8, 2018"," $6,040.00 ",1,29.5,0,0,0,SP,13,0,0,0
Lunch,"Sunday, April 8, 2018"," $2,057.00 ",1,29.5,0,0,0,SP,13,0,0,0
Breakfast,"Sunday, April 8, 2018", $277.00 ,1,29.5,0,0,0,SP,13,0,0,0
Dinner,"Saturday, April 7, 2018"," $5,269.00 ",7,41,0.02,0,0,SP,12,0,0,0
Lunch,"Saturday, April 7, 2018"," $2,230.00 ",7,41,0.02,0,0,SP,12,0,0,0
Breakfast,"Saturday, April 7, 2018", $395.00 ,7,41,0.02,0,0,SP,12,0,0,0
Dinner,"Friday, April 6, 2018"," $5,190.00 ",6,33,0,0,0,SP,12,0,0,0
Lunch,"Friday, April 6, 2018"," $2,196.00 ",6,33,0,0,0,SP,12,0,0,0
Breakfast,"Friday, April 6, 2018", $834.00 ,6,33,0,0,0,SP,12,0,0,0
Dinner,"Thursday, April 5, 2018"," $5,416.00 ",5,39.5,0.03,0.1,0,SP,12,0,0,0
Lunch,"Thursday, April 5, 2018"," $2,366.00 ",5,39.5,0.03,0.1,0,SP,12,0,0,0
Breakfast,"Thursday, April 5, 2018", $931.00 ,5,39.5,0.03,0.1,0,SP,12,0,0,0
Dinner,"Wednesday, April 4, 2018"," $6,097.00 ",4,45,0.48,0,1,SP,12,0,0,0
Lunch,"Wednesday, April 4, 2018"," $2,206.00 ",4,45,0.48,0,1,SP,12,0,0,0
Breakfast,"Wednesday, April 4, 2018"," $1,019.00 ",4,45,0.48,0,1,SP,12,0,0,0
Dinner,"Tuesday, April 3, 2018"," $6,039.00 ",3,38,0.06,0,0,SP,12,0,0,0
Lunch,"Tuesday, April 3, 2018"," $2,136.00 ",3,38,0.06,0,0,SP,12,0,0,0
Breakfast,"Tuesday, April 3, 2018", $989.00 ,3,38,0.06,0,0,SP,12,0,0,0
Dinner,"Monday, April 2, 2018"," $6,332.00 ",2,41,0.52,4.5,0,SP,12,0,0,0
Lunch,"Monday, April 2, 2018"," $1,905.00 ",2,41,0.52,4.5,0,SP,12,0,0,0
Breakfast,"Monday, April 2, 2018", $668.00 ,2,41,0.52,4.5,0,SP,12,0,0,0
Dinner,"Sunday, April 1, 2018"," $4,906.00 ",1,43,0.05,0,0,SP,12,0,0,1
Lunch,"Sunday, April 1, 2018"," $1,635.00 ",1,43,0.05,0,0,SP,12,0,0,1
Breakfast,"Sunday, April 1, 2018", $188.00 ,1,43,0.05,0,0,SP,12,0,0,1
Dinner,"Saturday, March 31, 2018"," $3,808.00 ",7,36,0.02,0,0,SP,11,0,0,1
Lunch,"Saturday, March 31, 2018"," $1,681.00 ",7,36,0.02,0,0,SP,11,0,0,1
Breakfast,"Saturday, March 31, 2018", $284.00 ,7,36,0.02,0,0,SP,11,0,0,1
Dinner,"Friday, March 30, 2018"," $4,315.00 ",6,51,0.25,0,0,SP,11,0,0,0
Lunch,"Friday, March 30, 2018"," $2,177.00 ",6,51,0.25,0,0,SP,11,0,0,0
Breakfast,"Friday, March 30, 2018", $812.00 ,6,51,0.25,0,0,SP,11,0,0,0
Dinner,"Thursday, March 29, 2018"," $5,103.00 ",5,41.5,0.07,0,0,SP,11,0,0,0
Lunch,"Thursday, March 29, 2018"," $2,128.00 ",5,41.5,0.07,0,0,SP,11,0,0,0
Breakfast,"Thursday, March 29, 2018"," $1,012.00 ",5,41.5,0.07,0,0,SP,11,0,0,0
Dinner,"Wednesday, March 28, 2018"," $6,064.00 ",4,36,0.15,0,0,SP,11,0,0,0
Lunch,"Wednesday, March 28, 2018"," $2,539.00 ",4,36,0.15,0,0,SP,11,0,0,0
Breakfast,"Wednesday, March 28, 2018", $955.00 ,4,36,0.15,0,0,SP,11,0,0,0
Dinner,"Tuesday, March 27, 2018"," $6,679.00 ",3,37.5,0,0,0,SP,11,0,0,0
Lunch,"Tuesday, March 27, 2018"," $2,307.00 ",3,37.5,0,0,0,SP,11,0,0,0
Breakfast,"Tuesday, March 27, 2018"," $1,024.00 ",3,37.5,0,0,0,SP,11,0,0,0
Dinner,"Monday, March 26, 2018"," $6,745.00 ",2,33,0,0,0,SP,11,0,0,0
Lunch,"Monday, March 26, 2018"," $2,643.00 ",2,33,0,0,0,SP,11,0,0,0
Breakfast,"Monday, March 26, 2018", $955.00 ,2,33,0,0,0,SP,11,0,0,0
Dinner,"Sunday, March 25, 2018"," $6,232.00 ",1,34.5,0,0,0,SP,11,0,0,0
Lunch,"Sunday, March 25, 2018"," $2,619.00 ",1,34.5,0,0,0,SP,11,0,0,0
Breakfast,"Sunday, March 25, 2018", $284.00 ,1,34.5,0,0,0,SP,11,0,0,0
Dinner,"Saturday, March 24, 2018"," $5,284.00 ",7,33,0,0,0,SP,10,0,0,0
Lunch,"Saturday, March 24, 2018"," $2,438.00 ",7,33,0,0,0,SP,10,0,0,0
Breakfast,"Saturday, March 24, 2018", $461.00 ,7,33,0,0,0,SP,10,0,0,0
Dinner,"Friday, March 23, 2018"," $5,427.00 ",6,34.5,0,0,0,SP,10,0,0,0
Lunch,"Friday, March 23, 2018"," $2,255.00 ",6,34.5,0,0,0,SP,10,0,0,0
Breakfast,"Friday, March 23, 2018", $802.00 ,6,34.5,0,0,0,SP,10,0,0,0
Dinner,"Thursday, March 22, 2018"," $6,426.00 ",5,30,0.28,3.3,0,SP,10,0,0,0
Lunch,"Thursday, March 22, 2018"," $2,188.00 ",5,30,0.28,3.3,0,SP,10,0,0,0
Breakfast,"Thursday, March 22, 2018", $898.00 ,5,30,0.28,3.3,0,SP,10,0,0,0
Dinner,"Wednesday, March 21, 2018"," $6,418.00 ",4,31,0.11,1.2,0,SP,10,0,0,0
Lunch,"Wednesday, March 21, 2018"," $2,731.00 ",4,31,0.11,1.2,0,SP,10,0,0,0
Breakfast,"Wednesday, March 21, 2018", $929.00 ,4,31,0.11,1.2,0,SP,10,0,0,0
Dinner,"Tuesday, March 20, 2018"," $6,662.00 ",3,36,0,0,0,SP,10,0,0,0
Lunch,"Tuesday, March 20, 2018"," $2,184.00 ",3,36,0,0,0,SP,10,0,0,0
Breakfast,"Tuesday, March 20, 2018", $967.00 ,3,36,0,0,0,SP,10,0,0,0
Dinner,"Monday, March 19, 2018"," $6,022.00 ",2,39.5,0,0,0,SP,10,0,0,0
Lunch,"Monday, March 19, 2018"," $2,317.00 ",2,39.5,0,0,0,SP,10,0,0,0
Breakfast,"Monday, March 19, 2018", $784.00 ,2,39.5,0,0,0,SP,10,0,0,0
Dinner,"Sunday, March 18, 2018"," $6,009.00 ",1,32,0,0,0,SP,10,0,0,0
Lunch,"Sunday, March 18, 2018"," $2,627.00 ",1,32,0,0,0,SP,10,0,0,0
Breakfast,"Sunday, March 18, 2018", $254.00 ,1,32,0,0,0,SP,10,0,0,0
Dinner,"Saturday, March 17, 2018"," $5,230.00 ",7,26,0,0,0,SP,9,0,0,0
Lunch,"Saturday, March 17, 2018"," $2,084.00 ",7,26,0,0,0,SP,9,0,0,0
Breakfast,"Saturday, March 17, 2018", $374.00 ,7,26,0,0,0,SP,9,0,0,0
Dinner,"Friday, March 16, 2018"," $4,993.00 ",6,29.5,0.02,0.1,0,SP,9,0,0,0
Lunch,"Friday, March 16, 2018"," $2,236.00 ",6,29.5,0.02,0.1,0,SP,9,0,0,0
Breakfast,"Friday, March 16, 2018", $727.00 ,6,29.5,0.02,0.1,0,SP,9,0,0,0
Dinner,"Thursday, March 15, 2018"," $5,280.00 ",5,27.5,0,0,0,SP,9,0,0,0
Lunch,"Thursday, March 15, 2018"," $1,920.00 ",5,27.5,0,0,0,SP,9,0,0,0
Breakfast,"Thursday, March 15, 2018", $813.00 ,5,27.5,0,0,0,SP,9,0,0,0
Dinner,"Wednesday, March 14, 2018"," $5,172.00 ",4,29,0,0,0,SP,9,0,0,0
Lunch,"Wednesday, March 14, 2018"," $2,148.00 ",4,29,0,0,0,SP,9,0,0,0
Breakfast,"Wednesday, March 14, 2018", $845.00 ,4,29,0,0,0,SP,9,0,0,0
Dinner,"Tuesday, March 13, 2018"," $5,972.00 ",3,30.5,0.03,0.3,0,SP,9,0,0,0
Lunch,"Tuesday, March 13, 2018"," $1,829.00 ",3,30.5,0.03,0.3,0,SP,9,0,0,0
Breakfast,"Tuesday, March 13, 2018", $939.00 ,3,30.5,0.03,0.3,0,SP,9,0,0,0
Dinner,"Monday, March 12, 2018"," $5,331.00 ",2,32,0,0,0,SP,9,0,0,0
Lunch,"Monday, March 12, 2018"," $2,164.00 ",2,32,0,0,0,SP,9,0,0,0
Breakfast,"Monday, March 12, 2018", $820.00 ,2,32,0,0,0,SP,9,0,0,0
Dinner,"Sunday, March 11, 2018"," $5,030.00 ",1,28,0,0,0,SP,9,0,0,0
Lunch,"Sunday, March 11, 2018"," $1,048.00 ",1,28,0,0,0,SP,9,0,0,0
Breakfast,"Sunday, March 11, 2018", $32.00 ,1,28,0,0,0,SP,9,0,0,0
Lunch,"Friday, March 2, 2018"," $2,569.00 ",6,40,0.81,0.6,0,SP,8,0,0,0
Dinner,"Friday, March 2, 2018"," $1,446.00 ",6,40,0.81,0.6,0,SP,8,0,0,0
Breakfast,"Friday, March 2, 2018"," $1,049.00 ",6,40,0.81,0.6,0,SP,8,0,0,0
Dinner,"Thursday, March 1, 2018"," $5,639.00 ",5,48.5,0,0,0,SP,8,0,0,0
Lunch,"Thursday, March 1, 2018"," $2,012.00 ",5,48.5,0,0,0,SP,8,0,0,0
Breakfast,"Thursday, March 1, 2018"," $1,020.00 ",5,48.5,0,0,0,SP,8,0,0,0
Dinner,"Wednesday, February 28, 2018"," $5,828.00 ",4,42.5,0,0,0,SP,8,0,0,0
Lunch,"Wednesday, February 28, 2018"," $2,331.00 ",4,42.5,0,0,0,SP,8,0,0,0
Breakfast,"Wednesday, February 28, 2018", $885.00 ,4,42.5,0,0,0,SP,8,0,0,0
Dinner,"Tuesday, February 27, 2018"," $6,626.00 ",3,40,0,0,0,SP,8,0,0,0
Lunch,"Tuesday, February 27, 2018"," $2,266.00 ",3,40,0,0,0,SP,8,0,0,0
Breakfast,"Tuesday, February 27, 2018"," $1,028.00 ",3,40,0,0,0,SP,8,0,0,0
Dinner,"Monday, February 26, 2018"," $6,496.00 ",2,45.5,0.03,0,0,SP,8,0,0,0
Lunch,"Monday, February 26, 2018"," $2,705.00 ",2,45.5,0.03,0,0,SP,8,0,0,0
Breakfast,"Monday, February 26, 2018"," $1,019.00 ",2,45.5,0.03,0,0,SP,8,0,0,0
Dinner,"Sunday, February 25, 2018"," $6,390.00 ",1,42,1.07,0,0,SP,8,0,0,0
Lunch,"Sunday, February 25, 2018"," $2,824.00 ",1,42,1.07,0,0,SP,8,0,0,0
Breakfast,"Sunday, February 25, 2018", $290.00 ,1,42,1.07,0,0,SP,8,0,0,0
Dinner,"Saturday, February 24, 2018"," $6,005.00 ",7,38.5,0.27,0,0,SP,7,0,0,0
Lunch,"Saturday, February 24, 2018"," $2,252.00 ",7,38.5,0.27,0,0,SP,7,0,0,0
Breakfast,"Saturday, February 24, 2018", $561.00 ,7,38.5,0.27,0,0,SP,7,0,0,0
Dinner,"Friday, February 23, 2018"," $5,623.00 ",6,36,0.83,0,0,SP,7,0,0,0
Lunch,"Friday, February 23, 2018"," $2,583.00 ",6,36,0.83,0,0,SP,7,0,0,0
Breakfast,"Friday, February 23, 2018", $841.00 ,6,36,0.83,0,0,SP,7,0,0,0
Dinner,"Thursday, February 22, 2018"," $5,616.00 ",5,54.5,0.06,0,0,SP,7,0,0,0
Lunch,"Thursday, February 22, 2018"," $2,090.00 ",5,54.5,0.06,0,0,SP,7,0,0,0
Breakfast,"Thursday, February 22, 2018", $843.00 ,5,54.5,0.06,0,0,SP,7,0,0,0
Dinner,"Wednesday, February 21, 2018"," $6,155.00 ",4,53.5,0,0,0,SP,7,0,0,0
Lunch,"Wednesday, February 21, 2018"," $2,382.00 ",4,53.5,0,0,0,SP,7,0,0,0
Breakfast,"Wednesday, February 21, 2018", $951.00 ,4,53.5,0,0,0,SP,7,0,0,0
Dinner,"Tuesday, February 20, 2018"," $5,696.00 ",3,38,0.33,0,0,SP,7,0,0,0
Lunch,"Tuesday, February 20, 2018"," $2,334.00 ",3,38,0.33,0,0,SP,7,0,0,0
Breakfast,"Tuesday, February 20, 2018"," $1,065.00 ",3,38,0.33,0,0,SP,7,0,0,0
Dinner,"Monday, February 19, 2018"," $6,310.00 ",2,34.5,0,0,0,SP,7,0,0,0
Lunch,"Monday, February 19, 2018"," $2,386.00 ",2,34.5,0,0,0,SP,7,0,0,0
Breakfast,"Monday, February 19, 2018", $963.00 ,2,34.5,0,0,0,SP,7,0,0,0
Dinner,"Sunday, February 18, 2018"," $5,714.00 ",1,27.5,0.22,2.6,0,SP,7,0,0,0
Lunch,"Sunday, February 18, 2018"," $1,810.00 ",1,27.5,0.22,2.6,0,SP,7,0,0,0
Breakfast,"Sunday, February 18, 2018", $255.00 ,1,27.5,0.22,2.6,0,SP,7,0,0,0
Dinner,"Saturday, February 17, 2018"," $5,740.00 ",7,35.5,0.09,0,0,SP,6,0,0,0
Lunch,"Saturday, February 17, 2018"," $2,313.00 ",7,35.5,0.09,0,0,SP,6,0,0,0
Breakfast,"Saturday, February 17, 2018", $475.00 ,7,35.5,0.09,0,0,SP,6,0,0,0
Dinner,"Friday, February 16, 2018"," $5,517.00 ",6,52,1.17,0,0,SP,6,0,0,0
Lunch,"Friday, February 16, 2018"," $3,044.00 ",6,52,1.17,0,0,SP,6,0,0,0
Breakfast,"Friday, February 16, 2018"," $1,078.00 ",6,52,1.17,0,0,SP,6,0,0,0
Dinner,"Thursday, February 15, 2018"," $5,784.00 ",5,40,0.29,0,0,SP,6,0,0,0
Lunch,"Thursday, February 15, 2018"," $2,269.00 ",5,40,0.29,0,0,SP,6,0,0,0
Breakfast,"Thursday, February 15, 2018"," $1,033.00 ",5,40,0.29,0,0,SP,6,0,0,0
Dinner,"Wednesday, February 14, 2018"," $5,743.00 ",4,28.5,0,0,1,SP,6,0,0,0
Lunch,"Wednesday, February 14, 2018"," $2,456.00 ",4,28.5,0,0,1,SP,6,0,0,0
Breakfast,"Wednesday, February 14, 2018"," $1,010.00 ",4,28.5,0,0,1,SP,6,0,0,0
Dinner,"Tuesday, February 13, 2018"," $6,776.00 ",3,29,0,0,0,SP,6,0,0,0
Lunch,"Tuesday, February 13, 2018"," $2,333.00 ",3,29,0,0,0,SP,6,0,0,0
Breakfast,"Tuesday, February 13, 2018"," $1,044.00 ",3,29,0,0,0,SP,6,0,0,0
Dinner,"Monday, February 12, 2018"," $6,506.00 ",2,38,0.17,0,0,SP,6,0,0,0
Lunch,"Monday, February 12, 2018"," $2,842.00 ",2,38,0.17,0,0,SP,6,0,0,0
Breakfast,"Monday, February 12, 2018", $977.00 ,2,38,0.17,0,0,SP,6,0,0,0
Dinner,"Sunday, February 11, 2018"," $5,966.00 ",1,37.5,0.19,0,0,SP,6,0,0,0
Lunch,"Sunday, February 11, 2018"," $2,505.00 ",1,37.5,0.19,0,0,SP,6,0,0,0
Breakfast,"Sunday, February 11, 2018", $245.00 ,1,37.5,0.19,0,0,SP,6,0,0,0
Dinner,"Saturday, February 10, 2018"," $5,631.00 ",7,25,0.03,0.4,0,SP,5,0,0,0
Lunch,"Saturday, February 10, 2018"," $2,063.00 ",7,25,0.03,0.4,0,SP,5,0,0,0
Breakfast,"Saturday, February 10, 2018", $349.00 ,7,25,0.03,0.4,0,SP,5,0,0,0
Dinner,"Friday, February 9, 2018"," $4,886.00 ",6,18,0,0.1,0,SP,5,0,0,0
Lunch,"Friday, February 9, 2018"," $2,190.00 ",6,18,0,0.1,0,SP,5,0,0,0
Breakfast,"Friday, February 9, 2018", $771.00 ,6,18,0,0.1,0,SP,5,0,0,0
Dinner,"Thursday, February 8, 2018"," $6,415.00 ",5,24,0.62,2.4,1,SP,5,0,0,0
Lunch,"Thursday, February 8, 2018"," $1,934.00 ",5,24,0.62,2.4,1,SP,5,0,0,0
Breakfast,"Thursday, February 8, 2018", $944.00 ,5,24,0.62,2.4,1,SP,5,0,0,0
Dinner,"Wednesday, February 7, 2018"," $6,343.00 ",4,24.5,0.14,0.8,1,SP,5,0,0,0
Lunch,"Wednesday, February 7, 2018"," $3,515.00 ",4,24.5,0.14,0.8,1,SP,5,0,0,0
Breakfast,"Wednesday, February 7, 2018", $685.00 ,4,24.5,0.14,0.8,1,SP,5,0,0,0
Dinner,"Tuesday, February 6, 2018"," $6,772.00 ",3,20,0,0,0,SP,5,0,0,0
Lunch,"Tuesday, February 6, 2018"," $2,278.00 ",3,20,0,0,0,SP,5,0,0,0
Breakfast,"Tuesday, February 6, 2018"," $1,018.00 ",3,20,0,0,0,SP,5,0,0,0
Dinner,"Monday, February 5, 2018"," $5,926.00 ",2,24.5,0.31,3,0,SP,5,0,0,0
Lunch,"Monday, February 5, 2018"," $2,481.00 ",2,24.5,0.31,3,0,SP,5,0,0,0
Breakfast,"Monday, February 5, 2018", $832.00 ,2,24.5,0.31,3,0,SP,5,0,0,0
Dinner,"Sunday, February 4, 2018"," $5,617.00 ",1,20.5,0.03,0.4,0,SP,5,0,0,0
Lunch,"Sunday, February 4, 2018"," $2,897.00 ",1,20.5,0.03,0.4,0,SP,5,0,0,0
Breakfast,"Sunday, February 4, 2018", $271.00 ,1,20.5,0.03,0.4,0,SP,5,0,0,0
Dinner,"Saturday, February 3, 2018"," $5,213.00 ",7,13,0,0,0,SP,4,0,0,0
Lunch,"Saturday, February 3, 2018"," $1,895.00 ",7,13,0,0,0,SP,4,0,0,0
Breakfast,"Saturday, February 3, 2018", $366.00 ,7,13,0,0,0,SP,4,0,0,0
Dinner,"Friday, February 2, 2018"," $4,878.00 ",6,31.5,0.01,0,0,SP,4,0,0,0
Lunch,"Friday, February 2, 2018"," $2,214.00 ",6,31.5,0.01,0,0,SP,4,0,0,0
Breakfast,"Friday, February 2, 2018", $899.00 ,6,31.5,0.01,0,0,SP,4,0,0,0
Dinner,"Thursday, February 1, 2018"," $6,026.00 ",5,23,0,0,0,SP,4,0,0,0
Lunch,"Thursday, February 1, 2018"," $2,102.00 ",5,23,0,0,0,SP,4,0,0,0
Breakfast,"Thursday, February 1, 2018"," $1,148.00 ",5,23,0,0,0,SP,4,0,0,0
Dinner,"Wednesday, January 31, 2018"," $5,706.00 ",4,19,0,0,0,SP,4,0,0,0
Lunch,"Wednesday, January 31, 2018"," $2,536.00 ",4,19,0,0,0,SP,4,0,0,0
Breakfast,"Wednesday, January 31, 2018", $880.00 ,4,19,0,0,0,SP,4,0,0,0
Dinner,"Tuesday, January 30, 2018"," $6,200.00 ",3,32,0.07,0.7,0,SP,4,0,0,0
Lunch,"Tuesday, January 30, 2018"," $2,327.00 ",3,32,0.07,0.7,0,SP,4,0,0,0
Breakfast,"Tuesday, January 30, 2018", $966.00 ,3,32,0.07,0.7,0,SP,4,0,0,0
Dinner,"Monday, January 29, 2018"," $6,144.00 ",2,36.5,0,0,0,SP,4,0,0,0
Lunch,"Monday, January 29, 2018"," $2,174.00 ",2,36.5,0,0,0,SP,4,0,0,0
Breakfast,"Monday, January 29, 2018", $916.00 ,2,36.5,0,0,0,SP,4,0,0,0
Dinner,"Sunday, January 28, 2018"," $5,789.00 ",1,38,0.06,0,0,SP,4,0,0,0
Lunch,"Sunday, January 28, 2018"," $2,474.00 ",1,38,0.06,0,0,SP,4,0,0,0
Breakfast,"Sunday, January 28, 2018", $256.00 ,1,38,0.06,0,0,SP,4,0,0,0
Dinner,"Saturday, January 27, 2018"," $5,049.00 ",7,30.5,0,0,0,SP,3,0,0,0
Lunch,"Saturday, January 27, 2018"," $2,117.00 ",7,30.5,0,0,0,SP,3,0,0,0
Breakfast,"Saturday, January 27, 2018", $384.00 ,7,30.5,0,0,0,SP,3,0,0,0
Dinner,"Friday, January 26, 2018"," $5,518.00 ",6,24.5,0,0,0,SP,3,0,0,0
Lunch,"Friday, January 26, 2018"," $2,194.00 ",6,24.5,0,0,0,SP,3,0,0,0
Breakfast,"Friday, January 26, 2018", $860.00 ,6,24.5,0,0,0,SP,3,0,0,0
Dinner,"Thursday, January 25, 2018"," $5,593.00 ",5,25.5,0,0,0,SP,3,0,0,0
Lunch,"Thursday, January 25, 2018"," $1,954.00 ",5,25.5,0,0,0,SP,3,0,0,0
Breakfast,"Thursday, January 25, 2018", $872.00 ,5,25.5,0,0,0,SP,3,0,0,0
Dinner,"Wednesday, January 24, 2018"," $2,280.00 ",4,39.5,0.08,0,0,SP,3,0,0,0
Lunch,"Wednesday, January 24, 2018"," $1,719.00 ",4,39.5,0.08,0,0,SP,3,0,0,0
Breakfast,"Wednesday, January 24, 2018", $708.00 ,4,39.5,0.08,0,0,SP,3,0,0,0
Dinner,"Tuesday, January 23, 2018"," $6,037.00 ",3,44.5,0.13,0,0,SP,3,0,0,0
Lunch,"Tuesday, January 23, 2018"," $2,095.00 ",3,44.5,0.13,0,0,SP,3,0,0,0
Breakfast,"Tuesday, January 23, 2018"," $1,026.00 ",3,44.5,0.13,0,0,SP,3,0,0,0
Dinner,"Monday, January 22, 2018"," $5,455.00 ",2,41,0.04,0,0,SP,3,0,0,0
Lunch,"Monday, January 22, 2018"," $2,224.00 ",2,41,0.04,0,0,SP,3,0,0,0
Breakfast,"Monday, January 22, 2018", $699.00 ,2,41,0.04,0,0,SP,3,0,0,0
Dinner,"Sunday, January 21, 2018"," $6,000.00 ",1,42.5,0,0,0,SP,3,0,0,0
Lunch,"Sunday, January 21, 2018"," $2,827.00 ",1,42.5,0,0,0,SP,3,0,0,0
Breakfast,"Sunday, January 21, 2018", $348.00 ,1,42.5,0,0,0,SP,3,0,0,0
Dinner,"Saturday, January 20, 2018"," $5,121.00 ",7,33.5,0,0,0,SP,2,0,0,0
Lunch,"Saturday, January 20, 2018"," $2,474.00 ",7,33.5,0,0,0,SP,2,0,0,0
Breakfast,"Saturday, January 20, 2018", $369.00 ,7,33.5,0,0,0,SP,2,0,0,0
Dinner,"Friday, January 19, 2018"," $5,177.00 ",6,21,0,0,0,SP,2,0,0,0
Lunch,"Friday, January 19, 2018"," $2,070.00 ",6,21,0,0,0,SP,2,0,0,0
Breakfast,"Friday, January 19, 2018", $882.00 ,6,21,0,0,0,SP,2,0,0,0
Dinner,"Thursday, January 18, 2018"," $5,314.00 ",5,12.5,0,0,0,SP,2,0,0,0
Lunch,"Thursday, January 18, 2018"," $1,973.00 ",5,12.5,0,0,0,SP,2,0,0,0
Breakfast,"Thursday, January 18, 2018", $928.00 ,5,12.5,0,0,0,SP,2,0,0,0
Dinner,"Wednesday, January 17, 2018"," $5,329.00 ",4,17.5,0.17,2,0,SP,2,0,0,0
Lunch,"Wednesday, January 17, 2018"," $2,079.00 ",4,17.5,0.17,2,0,SP,2,0,0,0
Breakfast,"Wednesday, January 17, 2018", $880.00 ,4,17.5,0.17,2,0,SP,2,0,0,0
Dinner,"Tuesday, January 16, 2018"," $5,823.00 ",3,14,0.02,0.3,0,SP,2,0,0,0
Lunch,"Tuesday, January 16, 2018"," $2,023.00 ",3,14,0.02,0.3,0,SP,2,0,0,0
Breakfast,"Tuesday, January 16, 2018", $920.00 ,3,14,0.02,0.3,0,SP,2,0,0,0
Dinner,"Monday, January 15, 2018"," $5,372.00 ",2,11.5,0,0,0,SP,2,0,0,0
Lunch,"Monday, January 15, 2018"," $2,361.00 ",2,11.5,0,0,0,SP,2,0,0,0
Breakfast,"Monday, January 15, 2018", $429.00 ,2,11.5,0,0,0,SP,2,0,0,0
Dinner,"Sunday, January 14, 2018"," $4,820.00 ",1,13.5,0,0,0,SP,2,0,0,0
Lunch,"Sunday, January 14, 2018"," $2,309.00 ",1,13.5,0,0,0,SP,2,0,0,0
Breakfast,"Sunday, January 14, 2018", $286.00 ,1,13.5,0,0,0,SP,2,0,0,0
Dinner,"Saturday, January 13, 2018"," $5,275.00 ",7,40,1.67,2,1,SP,1,0,0,0
Lunch,"Saturday, January 13, 2018"," $1,946.00 ",7,40,1.67,2,1,SP,1,0,0,0
Breakfast,"Saturday, January 13, 2018", $381.00 ,7,40,1.67,2,1,SP,1,0,0,0
Dinner,"Friday, January 12, 2018"," $4,800.00 ",6,47.5,0.37,0,0,SP,1,0,0,0
Lunch,"Friday, January 12, 2018"," $1,941.00 ",6,47.5,0.37,0,0,SP,1,0,0,0
Breakfast,"Friday, January 12, 2018", $908.00 ,6,47.5,0.37,0,0,SP,1,0,0,0
Dinner,"Thursday, January 11, 2018"," $4,557.00 ",5,31,0,0,0,SP,1,0,0,0
Lunch,"Thursday, January 11, 2018"," $1,861.00 ",5,31,0,0,0,SP,1,0,0,0
Breakfast,"Thursday, January 11, 2018", $972.00 ,5,31,0,0,0,SP,1,0,0,0
Dinner,"Wednesday, January 10, 2018"," $4,541.00 ",4,29,0,0,0,SP,1,0,0,0
Lunch,"Wednesday, January 10, 2018"," $1,896.00 ",4,29,0,0,0,SP,1,0,0,0
Breakfast,"Wednesday, January 10, 2018", $816.00 ,4,29,0,0,0,SP,1,0,0,0
Dinner,"Tuesday, January 9, 2018"," $4,025.00 ",3,30,0,0,0,SP,1,0,0,0
Lunch,"Tuesday, January 9, 2018"," $1,903.00 ",3,30,0,0,0,SP,1,0,0,0
Breakfast,"Tuesday, January 9, 2018", $959.00 ,3,30,0,0,0,SP,1,0,0,0
Dinner,"Monday, January 8, 2018"," $4,205.00 ",2,11,0,0,0,SP,1,0,0,0
Lunch,"Monday, January 8, 2018"," $2,052.00 ",2,11,0,0,0,SP,1,0,0,0
Breakfast,"Monday, January 8, 2018", $808.00 ,2,11,0,0,0,SP,1,0,0,0
Lunch,"Friday, December 15, 2017"," $2,149.00 ",6,18.5,0,0,0,FA,16,0,0,0
Dinner,"Friday, December 15, 2017"," $1,576.00 ",6,18.5,0,0,0,FA,16,0,0,0
Breakfast,"Friday, December 15, 2017", $990.00 ,6,18.5,0,0,0,FA,16,0,0,0
Dinner,"Thursday, December 14, 2017"," $3,453.00 ",5,18,0.27,4.3,0,FA,16,0,0,0
Lunch,"Thursday, December 14, 2017"," $1,898.00 ",5,18,0.27,4.3,0,FA,16,0,0,0
Breakfast,"Thursday, December 14, 2017", $897.00 ,5,18,0.27,4.3,0,FA,16,0,0,0
Dinner,"Wednesday, December 13, 2017"," $4,252.00 ",4,25,0,0,0,FA,16,0,0,0
Lunch,"Wednesday, December 13, 2017"," $2,151.00 ",4,25,0,0,0,FA,16,0,0,0
Breakfast,"Wednesday, December 13, 2017", $930.00 ,4,25,0,0,0,FA,16,0,0,0
Dinner,"Tuesday, December 12, 2017"," $5,270.00 ",3,33.5,0,0,0,FA,16,0,0,0
Lunch,"Tuesday, December 12, 2017"," $2,739.00 ",3,33.5,0,0,0,FA,16,0,0,0
Breakfast,"Tuesday, December 12, 2017", $868.00 ,3,33.5,0,0,0,FA,16,0,0,0
Dinner,"Monday, December 11, 2017"," $4,984.00 ",2,29.5,0,0,0,FA,16,0,0,0
Lunch,"Monday, December 11, 2017"," $3,031.00 ",2,29.5,0,0,0,FA,16,0,0,0
Breakfast,"Monday, December 11, 2017", $882.00 ,2,29.5,0,0,0,FA,16,0,0,0
Dinner,"Sunday, December 10, 2017"," $5,502.00 ",1,27,0,0,0,FA,16,0,0,0
Lunch,"Sunday, December 10, 2017"," $2,839.00 ",1,27,0,0,0,FA,16,0,0,0
Breakfast,"Sunday, December 10, 2017", $478.00 ,1,27,0,0,0,FA,16,0,0,0
Dinner,"Saturday, December 9, 2017"," $5,697.00 ",7,25.5,0,0,0,FA,15,0,0,0
Lunch,"Saturday, December 9, 2017"," $2,356.00 ",7,25.5,0,0,0,FA,15,0,0,0
Breakfast,"Saturday, December 9, 2017", $366.00 ,7,25.5,0,0,0,FA,15,0,0,0
Dinner,"Friday, December 8, 2017"," $5,106.00 ",6,32,0,0,0,FA,15,0,0,0
Lunch,"Friday, December 8, 2017"," $2,267.00 ",6,32,0,0,0,FA,15,0,0,0
Breakfast,"Friday, December 8, 2017", $696.00 ,6,32,0,0,0,FA,15,0,0,0
Dinner,"Thursday, December 7, 2017"," $5,136.00 ",5,35,0,0,0,FA,15,0,0,0
Lunch,"Thursday, December 7, 2017"," $2,225.00 ",5,35,0,0,0,FA,15,0,0,0
Breakfast,"Thursday, December 7, 2017", $822.00 ,5,35,0,0,0,FA,15,0,0,0
Dinner,"Wednesday, December 6, 2017"," $5,518.00 ",4,39,0.45,0,0,FA,15,0,0,0
Lunch,"Wednesday, December 6, 2017"," $2,116.00 ",4,39,0.45,0,0,FA,15,0,0,0
Breakfast,"Wednesday, December 6, 2017", $801.00 ,4,39,0.45,0,0,FA,15,0,0,0
Dinner,"Tuesday, December 5, 2017"," $5,346.00 ",3,38.5,0.02,0,0,FA,15,0,0,0
Lunch,"Tuesday, December 5, 2017"," $2,276.00 ",3,38.5,0.02,0,0,FA,15,0,0,0
Breakfast,"Tuesday, December 5, 2017", $843.00 ,3,38.5,0.02,0,0,FA,15,0,0,0
Dinner,"Monday, December 4, 2017"," $5,325.00 ",2,39,0,0,0,FA,15,0,0,0
Lunch,"Monday, December 4, 2017"," $2,237.00 ",2,39,0,0,0,FA,15,0,0,0
Breakfast,"Monday, December 4, 2017", $807.00 ,2,39,0,0,0,FA,15,0,0,0
Dinner,"Sunday, December 3, 2017"," $5,648.00 ",1,36,0,0,0,FA,15,0,0,0
Lunch,"Sunday, December 3, 2017"," $2,181.00 ",1,36,0,0,0,FA,15,0,0,0
Breakfast,"Sunday, December 3, 2017", $265.00 ,1,36,0,0,0,FA,15,0,0,0
Dinner,"Saturday, December 2, 2017"," $4,874.00 ",7,38,0,0,0,FA,14,0,0,0
Lunch,"Saturday, December 2, 2017"," $1,952.00 ",7,38,0,0,0,FA,14,0,0,0
Breakfast,"Saturday, December 2, 2017", $358.00 ,7,38,0,0,0,FA,14,0,0,0
Dinner,"Friday, December 1, 2017"," $4,853.00 ",6,39.5,0.03,0,0,FA,14,0,0,0
Lunch,"Friday, December 1, 2017"," $2,052.00 ",6,39.5,0.03,0,0,FA,14,0,0,0
Breakfast,"Friday, December 1, 2017", $794.00 ,6,39.5,0.03,0,0,FA,14,0,0,0
Dinner,"Thursday, November 30, 2017"," $5,049.00 ",5,42.5,0,0,0,FA,14,0,0,0
Lunch,"Thursday, November 30, 2017"," $2,083.00 ",5,42.5,0,0,0,FA,14,0,0,0
Breakfast,"Thursday, November 30, 2017", $842.00 ,5,42.5,0,0,0,FA,14,0,0,0
Dinner,"Wednesday, November 29, 2017"," $5,238.00 ",4,43.5,0,0,0,FA,14,0,0,0
Lunch,"Wednesday, November 29, 2017"," $2,132.00 ",4,43.5,0,0,0,FA,14,0,0,0
Breakfast,"Wednesday, November 29, 2017", $965.00 ,4,43.5,0,0,0,FA,14,0,0,0
Dinner,"Tuesday, November 28, 2017"," $5,325.00 ",3,39,0,0,0,FA,14,0,0,0
Lunch,"Tuesday, November 28, 2017"," $2,123.00 ",3,39,0,0,0,FA,14,0,0,0
Breakfast,"Tuesday, November 28, 2017"," $1,000.00 ",3,39,0,0,0,FA,14,0,0,0
Dinner,"Monday, November 27, 2017"," $5,031.00 ",2,35.5,0,0,0,FA,14,0,0,0
Lunch,"Monday, November 27, 2017"," $2,266.00 ",2,35.5,0,0,0,FA,14,0,0,0
Breakfast,"Monday, November 27, 2017"," $1,034.00 ",2,35.5,0,0,0,FA,14,0,0,0
Dinner,"Sunday, November 26, 2017"," $3,965.00 ",1,43.5,0.02,0,0,FA,14,0,0,0
Lunch,"Sunday, November 26, 2017", $687.00 ,1,43.5,0.02,0,0,FA,14,0,0,0
Breakfast,"Sunday, November 26, 2017", $110.00 ,1,43.5,0.02,0,0,FA,14,0,0,0
Lunch,"Friday, November 17, 2017"," $2,187.00 ",6,40.5,0.01,0,1,FA,13,0,0,0
Dinner,"Friday, November 17, 2017"," $1,925.00 ",6,40.5,0.01,0,1,FA,13,0,0,0
Breakfast,"Friday, November 17, 2017", $794.00 ,6,40.5,0.01,0,1,FA,13,0,0,0
Dinner,"Thursday, November 16, 2017"," $4,997.00 ",5,36.5,0.03,0,0,FA,13,0,0,0
Lunch,"Thursday, November 16, 2017"," $2,116.00 ",5,36.5,0.03,0,0,FA,13,0,0,0
Breakfast,"Thursday, November 16, 2017", $869.00 ,5,36.5,0.03,0,0,FA,13,0,0,0
Dinner,"Wednesday, November 15, 2017"," $5,473.00 ",4,34.5,0,0,0,FA,13,0,0,0
Lunch,"Wednesday, November 15, 2017"," $2,338.00 ",4,34.5,0,0,0,FA,13,0,0,0
Breakfast,"Wednesday, November 15, 2017"," $1,013.00 ",4,34.5,0,0,0,FA,13,0,0,0
Dinner,"Tuesday, November 14, 2017"," $5,998.00 ",3,39.5,0,0,0,FA,13,0,0,0
Lunch,"Tuesday, November 14, 2017"," $2,339.00 ",3,39.5,0,0,0,FA,13,0,0,0
Breakfast,"Tuesday, November 14, 2017", $960.00 ,3,39.5,0,0,0,FA,13,0,0,0
Dinner,"Monday, November 13, 2017"," $6,077.00 ",2,34.5,0.01,0,1,FA,13,0,0,0
Lunch,"Monday, November 13, 2017"," $2,278.00 ",2,34.5,0.01,0,1,FA,13,0,0,0
Breakfast,"Monday, November 13, 2017", $900.00 ,2,34.5,0.01,0,1,FA,13,0,0,0
Dinner,"Sunday, November 12, 2017"," $4,944.00 ",1,24.5,0,0,0,FA,13,0,1,0
Lunch,"Sunday, November 12, 2017"," $2,770.00 ",1,24.5,0,0,0,FA,13,0,1,0
Breakfast,"Sunday, November 12, 2017", $294.00 ,1,24.5,0,0,0,FA,13,0,1,0
Dinner,"Saturday, November 11, 2017"," $4,719.00 ",7,22.5,0,0,0,FA,12,1,1,0
Lunch,"Saturday, November 11, 2017"," $2,101.00 ",7,22.5,0,0,0,FA,12,1,1,0
Breakfast,"Saturday, November 11, 2017"," $1,008.00 ",7,22.5,0,0,0,FA,12,1,1,0
Dinner,"Friday, November 10, 2017"," $4,897.00 ",6,36,0,0,0,FA,12,0,1,0
Lunch,"Friday, November 10, 2017"," $2,311.00 ",6,36,0,0,0,FA,12,0,1,0
Breakfast,"Friday, November 10, 2017", $753.00 ,6,36,0,0,0,FA,12,0,1,0
Dinner,"Thursday, November 9, 2017"," $5,162.00 ",5,36.5,0,0,0,FA,12,0,1,0
Lunch,"Thursday, November 9, 2017"," $2,154.00 ",5,36.5,0,0,0,FA,12,0,1,0
Breakfast,"Thursday, November 9, 2017", $931.00 ,5,36.5,0,0,0,FA,12,0,1,0
Dinner,"Wednesday, November 8, 2017"," $5,535.00 ",4,33.5,0.17,0,1,FA,12,0,1,0
Lunch,"Wednesday, November 8, 2017"," $2,293.00 ",4,33.5,0.17,0,1,FA,12,0,1,0
Breakfast,"Wednesday, November 8, 2017"," $1,035.00 ",4,33.5,0.17,0,1,FA,12,0,1,0
Dinner,"Tuesday, November 7, 2017"," $5,527.00 ",3,46.5,0.02,0,0,FA,12,0,1,0
Lunch,"Tuesday, November 7, 2017"," $2,160.00 ",3,46.5,0.02,0,0,FA,12,0,1,0
Breakfast,"Tuesday, November 7, 2017"," $1,027.00 ",3,46.5,0.02,0,0,FA,12,0,1,0
Dinner,"Monday, November 6, 2017"," $5,797.00 ",2,53,0.57,0,0,FA,12,0,1,0
Lunch,"Monday, November 6, 2017"," $2,337.00 ",2,53,0.57,0,0,FA,12,0,1,0
Breakfast,"Monday, November 6, 2017"," $1,047.00 ",2,53,0.57,0,0,FA,12,0,1,0
Dinner,"Sunday, November 5, 2017"," $5,604.00 ",1,44,0.03,0,0,FA,12,0,1,0
Lunch,"Sunday, November 5, 2017"," $1,984.00 ",1,44,0.03,0,0,FA,12,0,1,0
Breakfast,"Sunday, November 5, 2017", $312.00 ,1,44,0.03,0,0,FA,12,0,1,0
Dinner,"Saturday, November 4, 2017"," $4,132.00 ",7,48.5,0.02,0,0,FA,11,0,0,0
Lunch,"Saturday, November 4, 2017"," $1,889.00 ",7,48.5,0.02,0,0,FA,11,0,0,0
Breakfast,"Saturday, November 4, 2017", $447.00 ,7,48.5,0.02,0,0,FA,11,0,0,0
Dinner,"Friday, November 3, 2017"," $4,431.00 ",6,53,0.02,0,0,FA,11,0,0,0
Lunch,"Friday, November 3, 2017"," $2,127.00 ",6,53,0.02,0,0,FA,11,0,0,0
Breakfast,"Friday, November 3, 2017"," $1,054.00 ",6,53,0.02,0,0,FA,11,0,0,0
Dinner,"Thursday, November 2, 2017"," $5,418.00 ",5,40.5,0.15,0,1,FA,11,0,0,0
Lunch,"Thursday, November 2, 2017"," $2,289.00 ",5,40.5,0.15,0,1,FA,11,0,0,0
Breakfast,"Thursday, November 2, 2017", $944.00 ,5,40.5,0.15,0,1,FA,11,0,0,0
Dinner,"Wednesday, November 1, 2017"," $5,553.00 ",4,38,0,0,0,FA,11,0,0,0
Lunch,"Wednesday, November 1, 2017"," $1,883.00 ",4,38,0,0,0,FA,11,0,0,0
Breakfast,"Wednesday, November 1, 2017"," $1,147.00 ",4,38,0,0,0,FA,11,0,0,0
Dinner,"Tuesday, October 31, 2017"," $5,787.00 ",3,42.5,0,0,0,FA,11,0,0,0
Lunch,"Tuesday, October 31, 2017"," $2,205.00 ",3,42.5,0,0,0,FA,11,0,0,0
Breakfast,"Tuesday, October 31, 2017", $944.00 ,3,42.5,0,0,0,FA,11,0,0,0
Dinner,"Monday, October 30, 2017"," $5,669.00 ",2,42.5,2.12,0,0,FA,11,0,0,0
Lunch,"Monday, October 30, 2017"," $2,335.00 ",2,42.5,2.12,0,0,FA,11,0,0,0
Breakfast,"Monday, October 30, 2017", $823.00 ,2,42.5,2.12,0,0,FA,11,0,0,0
Dinner,"Sunday, October 29, 2017"," $5,014.00 ",1,53.5,1.33,0,0,FA,11,0,0,0
Lunch,"Sunday, October 29, 2017"," $1,971.00 ",1,53.5,1.33,0,0,FA,11,0,0,0
Breakfast,"Sunday, October 29, 2017", $207.00 ,1,53.5,1.33,0,0,FA,11,0,0,0
Dinner,"Saturday, October 28, 2017"," $4,402.00 ",7,48.5,0,0,0,FA,10,0,0,0
Lunch,"Saturday, October 28, 2017"," $2,252.00 ",7,48.5,0,0,0,FA,10,0,0,0
Breakfast,"Saturday, October 28, 2017", $308.00 ,7,48.5,0,0,0,FA,10,0,0,0
Dinner,"Friday, October 27, 2017"," $3,848.00 ",6,42.5,0,0,0,FA,10,0,0,0
Lunch,"Friday, October 27, 2017"," $2,158.00 ",6,42.5,0,0,0,FA,10,0,0,0
Breakfast,"Friday, October 27, 2017"," $1,009.00 ",6,42.5,0,0,0,FA,10,0,0,0
Dinner,"Thursday, October 26, 2017"," $4,713.00 ",5,45,0,0,0,FA,10,0,0,0
Lunch,"Thursday, October 26, 2017"," $2,171.00 ",5,45,0,0,0,FA,10,0,0,0
Breakfast,"Thursday, October 26, 2017", $923.00 ,5,45,0,0,0,FA,10,0,0,0
Dinner,"Wednesday, October 25, 2017"," $5,390.00 ",4,54,0,0,0,FA,10,0,0,0
Lunch,"Wednesday, October 25, 2017"," $2,099.00 ",4,54,0,0,0,FA,10,0,0,0
Breakfast,"Wednesday, October 25, 2017", $841.00 ,4,54,0,0,0,FA,10,0,0,0
Dinner,"Tuesday, October 24, 2017"," $5,513.00 ",3,60.5,0.39,0,0,FA,10,0,0,0
Lunch,"Tuesday, October 24, 2017"," $2,364.00 ",3,60.5,0.39,0,0,FA,10,0,0,0
Breakfast,"Tuesday, October 24, 2017", $870.00 ,3,60.5,0.39,0,0,FA,10,0,0,0
Dinner,"Monday, October 23, 2017"," $5,969.00 ",2,59,0,0,0,FA,10,0,0,0
Breakfast,"Monday, October 23, 2017", $911.00 ,2,59,0,0,0,FA,10,0,0,0
Lunch,"Monday, October 23, 2017", $217.00 ,2,59,0,0,0,FA,10,0,0,0
Dinner,"Sunday, October 22, 2017"," $5,343.00 ",1,56.5,0,0,0,FA,10,0,0,0
Lunch,"Sunday, October 22, 2017"," $2,360.00 ",1,56.5,0,0,0,FA,10,0,0,0
Breakfast,"Sunday, October 22, 2017", $282.00 ,1,56.5,0,0,0,FA,10,0,0,0
Dinner,"Saturday, October 21, 2017"," $4,076.00 ",7,56.5,0,0,0,FA,9,1,0,0
Lunch,"Saturday, October 21, 2017"," $2,264.00 ",7,56.5,0,0,0,FA,9,1,0,0
Breakfast,"Saturday, October 21, 2017", $531.00 ,7,56.5,0,0,0,FA,9,1,0,0
Dinner,"Friday, October 20, 2017"," $4,152.00 ",6,57,0,0,0,FA,9,0,0,0
Lunch,"Friday, October 20, 2017"," $2,119.00 ",6,57,0,0,0,FA,9,0,0,0
Breakfast,"Friday, October 20, 2017", $833.00 ,6,57,0,0,0,FA,9,0,0,0
Dinner,"Thursday, October 19, 2017"," $4,972.00 ",5,55.5,0,0,0,FA,9,0,0,0
Lunch,"Thursday, October 19, 2017"," $1,899.00 ",5,55.5,0,0,0,FA,9,0,0,0
Breakfast,"Thursday, October 19, 2017", $769.00 ,5,55.5,0,0,0,FA,9,0,0,0
Dinner,"Wednesday, October 18, 2017"," $5,374.00 ",4,48,0,0,0,FA,9,0,0,0
Lunch,"Wednesday, October 18, 2017"," $2,016.00 ",4,48,0,0,0,FA,9,0,0,0
Breakfast,"Wednesday, October 18, 2017", $807.00 ,4,48,0,0,0,FA,9,0,0,0
Dinner,"Tuesday, October 17, 2017"," $5,051.00 ",3,45.5,0,0,0,FA,9,0,0,0
Lunch,"Tuesday, October 17, 2017"," $2,106.00 ",3,45.5,0,0,0,FA,9,0,0,0
Breakfast,"Tuesday, October 17, 2017", $866.00 ,3,45.5,0,0,0,FA,9,0,0,0
Dinner,"Monday, October 16, 2017"," $5,119.00 ",2,63,0.07,0,0,FA,9,0,0,0
Lunch,"Monday, October 16, 2017"," $1,689.00 ",2,63,0.07,0,0,FA,9,0,0,0
Breakfast,"Monday, October 16, 2017", $754.00 ,2,63,0.07,0,0,FA,9,0,0,0
Dinner,"Sunday, October 15, 2017"," $4,334.00 ",1,60.5,0,0,0,FA,9,0,0,0
Lunch,"Sunday, October 15, 2017"," $1,561.00 ",1,60.5,0,0,0,FA,9,0,0,0
Breakfast,"Sunday, October 15, 2017", $324.00 ,1,60.5,0,0,0,FA,9,0,0,0
Dinner,"Saturday, October 14, 2017"," $3,257.00 ",7,56.5,0,0,0,FA,8,1,0,0
Lunch,"Saturday, October 14, 2017"," $1,317.00 ",7,56.5,0,0,0,FA,8,1,0,0
Breakfast,"Saturday, October 14, 2017", $260.00 ,7,56.5,0,0,0,FA,8,1,0,0
Dinner,"Friday, October 13, 2017"," $3,572.00 ",6,57,0,0,0,FA,8,0,0,0
Lunch,"Friday, October 13, 2017"," $2,084.00 ",6,57,0,0,0,FA,8,0,0,0
Breakfast,"Friday, October 13, 2017", $841.00 ,6,57,0,0,0,FA,8,0,0,0
Dinner,"Thursday, October 12, 2017"," $5,237.00 ",5,61,1.25,0,0,FA,8,0,0,0
Lunch,"Thursday, October 12, 2017"," $1,802.00 ",5,61,1.25,0,0,FA,8,0,0,0
Breakfast,"Thursday, October 12, 2017"," $1,020.00 ",5,61,1.25,0,0,FA,8,0,0,0
Dinner,"Wednesday, October 11, 2017"," $5,155.00 ",4,70,0,0,0,FA,8,0,0,0
Lunch,"Wednesday, October 11, 2017"," $2,178.00 ",4,70,0,0,0,FA,8,0,0,0
Breakfast,"Wednesday, October 11, 2017"," $1,009.00 ",4,70,0,0,0,FA,8,0,0,0
Dinner,"Tuesday, October 10, 2017"," $5,870.00 ",3,69.5,0.22,0,0,FA,8,0,0,0
Lunch,"Tuesday, October 10, 2017"," $2,547.00 ",3,69.5,0.22,0,0,FA,8,0,0,0
Breakfast,"Tuesday, October 10, 2017", $977.00 ,3,69.5,0.22,0,0,FA,8,0,0,0
Dinner,"Monday, October 9, 2017"," $5,596.00 ",2,71.5,0.52,0,0,FA,8,0,0,0
Lunch,"Monday, October 9, 2017"," $2,205.00 ",2,71.5,0.52,0,0,FA,8,0,0,0
Breakfast,"Monday, October 9, 2017", $962.00 ,2,71.5,0.52,0,0,FA,8,0,0,0
Dinner,"Sunday, October 8, 2017"," $5,348.00 ",1,72.5,0.26,0,0,FA,8,0,0,0
Lunch,"Sunday, October 8, 2017"," $2,282.00 ",1,72.5,0.26,0,0,FA,8,0,0,0
Breakfast,"Sunday, October 8, 2017", $214.00 ,1,72.5,0.26,0,0,FA,8,0,0,0
Dinner,"Saturday, October 7, 2017"," $4,437.00 ",7,67,0,0,0,FA,7,0,0,0
Lunch,"Saturday, October 7, 2017"," $1,984.00 ",7,67,0,0,0,FA,7,0,0,0
Breakfast,"Saturday, October 7, 2017", $317.00 ,7,67,0,0,0,FA,7,0,0,0
Dinner,"Friday, October 6, 2017"," $3,886.00 ",6,68.5,0.16,0,0,FA,7,0,0,0
Lunch,"Friday, October 6, 2017"," $2,231.00 ",6,68.5,0.16,0,0,FA,7,0,0,0
Breakfast,"Friday, October 6, 2017", $866.00 ,6,68.5,0.16,0,0,FA,7,0,0,0
Dinner,"Thursday, October 5, 2017"," $5,201.00 ",5,64.5,0,0,0,FA,7,0,0,0
Lunch,"Thursday, October 5, 2017"," $2,449.00 ",5,64.5,0,0,0,FA,7,0,0,0
Breakfast,"Thursday, October 5, 2017", $858.00 ,5,64.5,0,0,0,FA,7,0,0,0
Dinner,"Wednesday, October 4, 2017"," $5,581.00 ",4,59,0,0,0,FA,7,0,0,0
Lunch,"Wednesday, October 4, 2017"," $2,424.00 ",4,59,0,0,0,FA,7,0,0,0
Breakfast,"Wednesday, October 4, 2017", $976.00 ,4,59,0,0,0,FA,7,0,0,0
Dinner,"Tuesday, October 3, 2017"," $5,501.00 ",3,55.5,0,0,0,FA,7,0,0,0
Lunch,"Tuesday, October 3, 2017"," $2,195.00 ",3,55.5,0,0,0,FA,7,0,0,0
Breakfast,"Tuesday, October 3, 2017"," $1,047.00 ",3,55.5,0,0,0,FA,7,0,0,0
Dinner,"Monday, October 2, 2017"," $5,798.00 ",2,51.5,0,0,0,FA,7,0,0,0
Lunch,"Monday, October 2, 2017"," $2,079.00 ",2,51.5,0,0,0,FA,7,0,0,0
Breakfast,"Monday, October 2, 2017", $802.00 ,2,51.5,0,0,0,FA,7,0,0,0
Dinner,"Sunday, October 1, 2017"," $5,402.00 ",1,47,0,0,0,FA,7,0,0,0
Lunch,"Sunday, October 1, 2017"," $2,038.00 ",1,47,0,0,0,FA,7,0,0,0
Breakfast,"Sunday, October 1, 2017", $375.00 ,1,47,0,0,0,FA,7,0,0,0
Dinner,"Saturday, September 30, 2017"," $5,024.00 ",7,57,0.06,0,0,FA,6,1,0,0
Lunch,"Saturday, September 30, 2017"," $1,710.00 ",7,57,0.06,0,0,FA,6,1,0,0
Breakfast,"Saturday, September 30, 2017", $522.00 ,7,57,0.06,0,0,FA,6,1,0,0
Dinner,"Friday, September 29, 2017"," $3,945.00 ",6,57.5,0,0,0,FA,6,0,0,0
Lunch,"Friday, September 29, 2017"," $2,088.00 ",6,57.5,0,0,0,FA,6,0,0,0
Breakfast,"Friday, September 29, 2017", $928.00 ,6,57.5,0,0,0,FA,6,0,0,0
Dinner,"Thursday, September 28, 2017"," $5,385.00 ",5,73,0,0,0,FA,6,0,0,0
Lunch,"Thursday, September 28, 2017"," $2,074.00 ",5,73,0,0,0,FA,6,0,0,0
Breakfast,"Thursday, September 28, 2017"," $1,069.00 ",5,73,0,0,0,FA,6,0,0,0
Dinner,"Wednesday, September 27, 2017"," $6,025.00 ",4,74.5,0,0,0,FA,6,0,0,0
Lunch,"Wednesday, September 27, 2017"," $2,304.00 ",4,74.5,0,0,0,FA,6,0,0,0
Breakfast,"Wednesday, September 27, 2017"," $1,100.00 ",4,74.5,0,0,0,FA,6,0,0,0
Dinner,"Tuesday, September 26, 2017"," $5,663.00 ",3,76,0,0,0,FA,6,0,0,0
Lunch,"Tuesday, September 26, 2017"," $2,215.00 ",3,76,0,0,0,FA,6,0,0,0
Breakfast,"Tuesday, September 26, 2017", $993.00 ,3,76,0,0,0,FA,6,0,0,0
Dinner,"Monday, September 25, 2017"," $5,392.00 ",2,74,0,0,0,FA,6,0,0,0
Lunch,"Monday, September 25, 2017"," $2,267.00 ",2,74,0,0,0,FA,6,0,0,0
Breakfast,"Monday, September 25, 2017"," $1,046.00 ",2,74,0,0,0,FA,6,0,0,0
Dinner,"Sunday, September 24, 2017"," $5,276.00 ",1,71.5,0,0,0,FA,6,0,0,0
Lunch,"Sunday, September 24, 2017"," $1,755.00 ",1,71.5,0,0,0,FA,6,0,0,0
Breakfast,"Sunday, September 24, 2017", $261.00 ,1,71.5,0,0,0,FA,6,0,0,0
Dinner,"Saturday, September 23, 2017"," $1,480.00 ",7,69,0,0,0,FA,5,0,0,0
Lunch,"Saturday, September 23, 2017"," $1,231.00 ",7,69,0,0,0,FA,5,0,0,0
Breakfast,"Saturday, September 23, 2017", $217.00 ,7,69,0,0,0,FA,5,0,0,0
Dinner,"Friday, September 22, 2017"," $3,876.00 ",6,70.5,0,0,0,FA,5,0,0,0
Lunch,"Friday, September 22, 2017"," $2,371.00 ",6,70.5,0,0,0,FA,5,0,0,0
Breakfast,"Friday, September 22, 2017", $946.00 ,6,70.5,0,0,0,FA,5,0,0,0
Dinner,"Thursday, September 21, 2017"," $5,302.00 ",5,70,0,0,0,FA,5,0,0,0
Lunch,"Thursday, September 21, 2017"," $2,146.00 ",5,70,0,0,0,FA,5,0,0,0
Breakfast,"Thursday, September 21, 2017", $934.00 ,5,70,0,0,0,FA,5,0,0,0
Dinner,"Wednesday, September 20, 2017"," $6,091.00 ",4,65.5,0,0,0,FA,5,0,0,0
Lunch,"Wednesday, September 20, 2017"," $2,181.00 ",4,65.5,0,0,0,FA,5,0,0,0
Breakfast,"Wednesday, September 20, 2017", $893.00 ,4,65.5,0,0,0,FA,5,0,0,0
Dinner,"Tuesday, September 19, 2017"," $5,891.00 ",3,70,0,0,0,FA,5,0,0,0
Lunch,"Tuesday, September 19, 2017"," $2,149.00 ",3,70,0,0,0,FA,5,0,0,0
Breakfast,"Tuesday, September 19, 2017", $897.00 ,3,70,0,0,0,FA,5,0,0,0
Dinner,"Monday, September 18, 2017"," $5,762.00 ",2,72,0,0,0,FA,5,0,0,0
Lunch,"Monday, September 18, 2017"," $1,903.00 ",2,72,0,0,0,FA,5,0,0,0
Breakfast,"Monday, September 18, 2017", $984.00 ,2,72,0,0,0,FA,5,0,0,0
Dinner,"Sunday, September 17, 2017"," $5,437.00 ",1,68,0,0,0,FA,5,0,0,0
Lunch,"Sunday, September 17, 2017"," $2,332.00 ",1,68,0,0,0,FA,5,0,0,0
Breakfast,"Sunday, September 17, 2017", $187.00 ,1,68,0,0,0,FA,5,0,0,0
Dinner,"Saturday, September 16, 2017"," $5,168.00 ",7,69.5,0.02,0,0,FA,4,1,0,0
Lunch,"Saturday, September 16, 2017"," $1,971.00 ",7,69.5,0.02,0,0,FA,4,1,0,0
Breakfast,"Saturday, September 16, 2017", $322.00 ,7,69.5,0.02,0,0,FA,4,1,0,0
Dinner,"Friday, September 15, 2017"," $4,035.00 ",6,63.5,0.02,0,0,FA,4,0,0,0
Lunch,"Friday, September 15, 2017"," $2,109.00 ",6,63.5,0.02,0,0,FA,4,0,0,0
Breakfast,"Friday, September 15, 2017"," $1,132.00 ",6,63.5,0.02,0,0,FA,4,0,0,0
Dinner,"Thursday, September 14, 2017"," $5,391.00 ",5,66.5,0.03,0,0,FA,4,0,0,0
Lunch,"Thursday, September 14, 2017"," $2,074.00 ",5,66.5,0.03,0,0,FA,4,0,0,0
Breakfast,"Thursday, September 14, 2017", $892.00 ,5,66.5,0.03,0,0,FA,4,0,0,0
Dinner,"Wednesday, September 13, 2017"," $5,828.00 ",4,62,0.03,0,0,FA,4,0,0,0
Lunch,"Wednesday, September 13, 2017"," $2,150.00 ",4,62,0.03,0,0,FA,4,0,0,0
Breakfast,"Wednesday, September 13, 2017"," $1,002.00 ",4,62,0.03,0,0,FA,4,0,0,0
Dinner,"Tuesday, September 12, 2017"," $5,409.00 ",3,57,0,0,0,FA,4,0,0,0
Lunch,"Tuesday, September 12, 2017"," $2,130.00 ",3,57,0,0,0,FA,4,0,0,0
Breakfast,"Tuesday, September 12, 2017"," $1,209.00 ",3,57,0,0,0,FA,4,0,0,0
Dinner,"Monday, September 11, 2017"," $5,629.00 ",2,55.5,0,0,0,FA,4,0,0,0
Lunch,"Monday, September 11, 2017"," $2,174.00 ",2,55.5,0,0,0,FA,4,0,0,0
Breakfast,"Monday, September 11, 2017", $872.00 ,2,55.5,0,0,0,FA,4,0,0,0
Dinner,"Sunday, September 10, 2017"," $5,446.00 ",1,53.5,0,0,0,FA,4,0,0,0
Lunch,"Sunday, September 10, 2017"," $2,455.00 ",1,53.5,0,0,0,FA,4,0,0,0
Breakfast,"Sunday, September 10, 2017", $187.00 ,1,53.5,0,0,0,FA,4,0,0,0
Dinner,"Saturday, September 9, 2017"," $5,005.00 ",7,56.5,0.05,0,0,FA,3,1,0,0
Lunch,"Saturday, September 9, 2017"," $1,622.00 ",7,56.5,0.05,0,0,FA,3,1,0,0
Breakfast,"Saturday, September 9, 2017", $854.00 ,7,56.5,0.05,0,0,FA,3,1,0,0
Dinner,"Friday, September 8, 2017"," $2,723.00 ",6,57.5,0,0,0,FA,3,0,0,0
Lunch,"Friday, September 8, 2017"," $2,225.00 ",6,57.5,0,0,0,FA,3,0,0,0
Breakfast,"Friday, September 8, 2017", $895.00 ,6,57.5,0,0,0,FA,3,0,0,0
Dinner,"Thursday, September 7, 2017"," $4,963.00 ",5,56.5,0.06,0,0,FA,3,0,0,0
Lunch,"Thursday, September 7, 2017"," $1,893.00 ",5,56.5,0.06,0,0,FA,3,0,0,0
Breakfast,"Thursday, September 7, 2017", $996.00 ,5,56.5,0.06,0,0,FA,3,0,0,0
Dinner,"Wednesday, September 6, 2017"," $5,524.00 ",4,64.5,0.85,0,1,FA,3,0,0,0
Lunch,"Wednesday, September 6, 2017"," $1,829.00 ",4,64.5,0.85,0,1,FA,3,0,0,0
Breakfast,"Wednesday, September 6, 2017", $909.00 ,4,64.5,0.85,0,1,FA,3,0,0,0
Dinner,"Tuesday, September 5, 2017"," $5,306.00 ",3,68,0,0,0,FA,3,0,0,0
Lunch,"Tuesday, September 5, 2017"," $1,844.00 ",3,68,0,0,0,FA,3,0,0,0
Breakfast,"Tuesday, September 5, 2017", $978.00 ,3,68,0,0,0,FA,3,0,0,0
Dinner,"Monday, September 4, 2017"," $4,478.00 ",2,60,0.07,0,0,FA,3,0,0,0
Lunch,"Monday, September 4, 2017"," $1,884.00 ",2,60,0.07,0,0,FA,3,0,0,0
Breakfast,"Monday, September 4, 2017", $380.00 ,2,60,0.07,0,0,FA,3,0,0,0
Dinner,"Sunday, September 3, 2017"," $3,682.00 ",1,52.5,0.66,0,0,FA,3,0,0,0
Lunch,"Sunday, September 3, 2017"," $1,676.00 ",1,52.5,0.66,0,0,FA,3,0,0,0
Breakfast,"Sunday, September 3, 2017", $194.00 ,1,52.5,0.66,0,0,FA,3,0,0,0
Dinner,"Saturday, September 2, 2017"," $3,740.00 ",7,54.5,0,0,0,FA,2,1,0,0
Lunch,"Saturday, September 2, 2017"," $1,569.00 ",7,54.5,0,0,0,FA,2,1,0,0
Breakfast,"Saturday, September 2, 2017"," $1,107.00 ",7,54.5,0,0,0,FA,2,1,0,0
Dinner,"Friday, September 1, 2017"," $3,700.00 ",6,63,0.02,0,0,FA,2,0,0,0
Lunch,"Friday, September 1, 2017"," $1,813.00 ",6,63,0.02,0,0,FA,2,0,0,0
Breakfast,"Friday, September 1, 2017", $685.00 ,6,63,0.02,0,0,FA,2,0,0,0
Dinner,"Thursday, August 31, 2017"," $4,036.00 ",5,66.5,0,0,0,FA,2,0,0,0
Lunch,"Thursday, August 31, 2017"," $1,810.00 ",5,66.5,0,0,0,FA,2,0,0,0
Breakfast,"Thursday, August 31, 2017", $801.00 ,5,66.5,0,0,0,FA,2,0,0,0
Dinner,"Wednesday, August 30, 2017"," $4,510.00 ",4,59.5,0,0,0,FA,2,0,0,0
Lunch,"Wednesday, August 30, 2017"," $1,814.00 ",4,59.5,0,0,0,FA,2,0,0,0
Breakfast,"Wednesday, August 30, 2017", $763.00 ,4,59.5,0,0,0,FA,2,0,0,0
Dinner,"Tuesday, August 29, 2017"," $4,683.00 ",3,63.5,0,0,0,FA,2,0,0,0
Lunch,"Tuesday, August 29, 2017"," $1,660.00 ",3,63.5,0,0,0,FA,2,0,0,0
Breakfast,"Tuesday, August 29, 2017", $706.00 ,3,63.5,0,0,0,FA,2,0,0,0
Dinner,"Monday, August 28, 2017"," $4,376.00 ",2,63.5,0,0,0,FA,2,0,0,0
Lunch,"Monday, August 28, 2017"," $1,626.00 ",2,63.5,0,0,0,FA,2,0,0,0
Breakfast,"Monday, August 28, 2017", $666.00 ,2,63.5,0,0,0,FA,2,0,0,0
Dinner,"Sunday, August 27, 2017"," $4,364.00 ",1,62.5,0,0,0,FA,2,0,0,0
Lunch,"Sunday, August 27, 2017"," $1,900.00 ",1,62.5,0,0,0,FA,2,0,0,0
Breakfast,"Sunday, August 27, 2017", $216.00 ,1,62.5,0,0,0,FA,2,0,0,0
Dinner,"Saturday, August 26, 2017"," $3,483.00 ",7,61.5,0,0,0,FA,1,0,0,0
Lunch,"Saturday, August 26, 2017"," $1,645.00 ",7,61.5,0,0,0,FA,1,0,0,0
Breakfast,"Saturday, August 26, 2017", $245.00 ,7,61.5,0,0,0,FA,1,0,0,0
Dinner,"Friday, August 25, 2017"," $2,913.00 ",6,65,0.04,0,0,FA,1,0,0,0
Lunch,"Friday, August 25, 2017"," $1,518.00 ",6,65,0.04,0,0,FA,1,0,0,0
Breakfast,"Friday, August 25, 2017", $726.00 ,6,65,0.04,0,0,FA,1,0,0,0
Dinner,"Thursday, August 24, 2017"," $3,171.00 ",5,65,0,0,0,FA,1,0,0,0
Lunch,"Thursday, August 24, 2017"," $1,241.00 ",5,65,0,0,0,FA,1,0,0,0
Breakfast,"Thursday, August 24, 2017", $597.00 ,5,65,0,0,0,FA,1,0,0,0
Dinner,"Wednesday, August 23, 2017"," $3,021.00 ",4,75.5,0.23,0,1,FA,1,0,0,0
Lunch,"Wednesday, August 23, 2017"," $1,126.00 ",4,75.5,0.23,0,1,FA,1,0,0,0
Breakfast,"Wednesday, August 23, 2017", $742.00 ,4,75.5,0.23,0,1,FA,1,0,0,0
Dinner,"Tuesday, August 22, 2017"," $2,958.00 ",3,73.5,0,0,0,FA,1,0,0,0
Lunch,"Tuesday, August 22, 2017"," $1,194.00 ",3,73.5,0,0,0,FA,1,0,0,0
Breakfast,"Tuesday, August 22, 2017", $651.00 ,3,73.5,0,0,0,FA,1,0,0,0
Dinner,"Monday, August 21, 2017"," $3,165.00 ",2,70,0,0,0,FA,1,0,0,0
Lunch,"Monday, August 21, 2017"," $1,367.00 ",2,70,0,0,0,FA,1,0,0,0
Breakfast,"Monday, August 21, 2017", $702.00 ,2,70,0,0,0,FA,1,0,0,0
Lunch,"Friday, May 5, 2017"," $5,407.00 ",6,52.5,1.15,0,0,SP,16,0,0,0
Dinner,"Friday, May 5, 2017"," $2,727.00 ",6,52.5,1.15,0,0,SP,16,0,0,0
Breakfast,"Friday, May 5, 2017"," $1,837.00 ",6,52.5,1.15,0,0,SP,16,0,0,0
Dinner,"Thursday, May 4, 2017"," $6,527.00 ",5,51.5,0,0,0,SP,16,0,0,0
Lunch,"Thursday, May 4, 2017"," $3,756.00 ",5,51.5,0,0,0,SP,16,0,0,0
Breakfast,"Thursday, May 4, 2017"," $1,460.00 ",5,51.5,0,0,0,SP,16,0,0,0
Dinner,"Wednesday, May 3, 2017"," $5,920.00 ",4,51.5,0.03,0,0,SP,16,0,0,0
Lunch,"Wednesday, May 3, 2017"," $3,038.00 ",4,51.5,0.03,0,0,SP,16,0,0,0
Breakfast,"Wednesday, May 3, 2017"," $1,413.00 ",4,51.5,0.03,0,0,SP,16,0,0,0
Dinner,"Tuesday, May 2, 2017"," $7,275.00 ",3,64,0.56,0,1,SP,16,0,0,0
Lunch,"Tuesday, May 2, 2017"," $3,677.00 ",3,64,0.56,0,1,SP,16,0,0,0
Breakfast,"Tuesday, May 2, 2017"," $1,199.00 ",3,64,0.56,0,1,SP,16,0,0,0
Dinner,"Monday, May 1, 2017"," $7,141.00 ",2,66.5,0,0,0,SP,16,0,0,0
Lunch,"Monday, May 1, 2017"," $2,900.00 ",2,66.5,0,0,0,SP,16,0,0,0
Breakfast,"Monday, May 1, 2017"," $1,260.00 ",2,66.5,0,0,0,SP,16,0,0,0
Dinner,"Sunday, April 30, 2017"," $7,087.00 ",1,64.5,0.01,0,0,SP,16,0,0,0
Lunch,"Sunday, April 30, 2017"," $3,189.00 ",1,64.5,0.01,0,0,SP,16,0,0,0
Breakfast,"Sunday, April 30, 2017", $517.00 ,1,64.5,0.01,0,0,SP,16,0,0,0
Dinner,"Saturday, April 29, 2017"," $5,818.00 ",7,64.5,0.26,0,0,SP,15,0,0,0
Lunch,"Saturday, April 29, 2017"," $2,666.00 ",7,64.5,0.26,0,0,SP,15,0,0,0
Breakfast,"Saturday, April 29, 2017", $652.00 ,7,64.5,0.26,0,0,SP,15,0,0,0
Dinner,"Friday, April 28, 2017"," $5,878.00 ",6,64.5,0.67,0,1,SP,15,0,0,0
Lunch,"Friday, April 28, 2017"," $3,157.00 ",6,64.5,0.67,0,1,SP,15,0,0,0
Breakfast,"Friday, April 28, 2017"," $1,088.00 ",6,64.5,0.67,0,1,SP,15,0,0,0
Dinner,"Thursday, April 27, 2017"," $5,834.00 ",5,62.5,0.01,0,0,SP,15,0,0,0
Lunch,"Thursday, April 27, 2017"," $2,520.00 ",5,62.5,0.01,0,0,SP,15,0,0,0
Breakfast,"Thursday, April 27, 2017"," $1,027.00 ",5,62.5,0.01,0,0,SP,15,0,0,0
Dinner,"Wednesday, April 26, 2017"," $6,045.00 ",4,53.5,0.11,0,0,SP,15,0,0,0
Lunch,"Wednesday, April 26, 2017"," $2,589.00 ",4,53.5,0.11,0,0,SP,15,0,0,0
Breakfast,"Wednesday, April 26, 2017", $927.00 ,4,53.5,0.11,0,0,SP,15,0,0,0
Dinner,"Tuesday, April 25, 2017"," $6,733.00 ",3,53,0.02,0,0,SP,15,0,0,0
Lunch,"Tuesday, April 25, 2017"," $2,621.00 ",3,53,0.02,0,0,SP,15,0,0,0
Breakfast,"Tuesday, April 25, 2017", $994.00 ,3,53,0.02,0,0,SP,15,0,0,0
Dinner,"Monday, April 24, 2017"," $6,520.00 ",2,53.5,0,0,0,SP,15,0,0,0
Lunch,"Monday, April 24, 2017"," $2,564.00 ",2,53.5,0,0,0,SP,15,0,0,0
Breakfast,"Monday, April 24, 2017", $836.00 ,2,53.5,0,0,0,SP,15,0,0,0
Dinner,"Sunday, April 23, 2017"," $6,402.00 ",1,45.5,0.09,0,0,SP,15,0,0,0
Lunch,"Sunday, April 23, 2017"," $3,566.00 ",1,45.5,0.09,0,0,SP,15,0,0,0
Breakfast,"Sunday, April 23, 2017", $599.00 ,1,45.5,0.09,0,0,SP,15,0,0,0
Dinner,"Saturday, April 22, 2017"," $5,847.00 ",7,58.5,0.11,0,0,SP,14,0,0,0
Lunch,"Saturday, April 22, 2017"," $2,340.00 ",7,58.5,0.11,0,0,SP,14,0,0,0
Breakfast,"Saturday, April 22, 2017"," $1,065.00 ",7,58.5,0.11,0,0,SP,14,0,0,0
Dinner,"Friday, April 21, 2017"," $5,578.00 ",6,66,0.22,0,1,SP,14,0,0,0
Lunch,"Friday, April 21, 2017"," $2,373.00 ",6,66,0.22,0,1,SP,14,0,0,0
Breakfast,"Friday, April 21, 2017"," $1,207.00 ",6,66,0.22,0,1,SP,14,0,0,0
Dinner,"Thursday, April 20, 2017"," $5,850.00 ",5,52,0.24,0,0,SP,14,0,0,0
Lunch,"Thursday, April 20, 2017"," $2,424.00 ",5,52,0.24,0,0,SP,14,0,0,0
Breakfast,"Thursday, April 20, 2017"," $1,154.00 ",5,52,0.24,0,0,SP,14,0,0,0
Dinner,"Wednesday, April 19, 2017"," $6,521.00 ",4,58.5,0,0,0,SP,14,0,0,0
Lunch,"Wednesday, April 19, 2017"," $2,596.00 ",4,58.5,0,0,0,SP,14,0,0,0
Breakfast,"Wednesday, April 19, 2017", $995.00 ,4,58.5,0,0,0,SP,14,0,0,0
Dinner,"Tuesday, April 18, 2017"," $6,069.00 ",3,55.5,0,0,0,SP,14,0,0,0
Lunch,"Tuesday, April 18, 2017"," $2,282.00 ",3,55.5,0,0,0,SP,14,0,0,0
Breakfast,"Tuesday, April 18, 2017"," $1,203.00 ",3,55.5,0,0,0,SP,14,0,0,0
Dinner,"Monday, April 17, 2017"," $6,045.00 ",2,67.5,0.22,0,0,SP,14,0,0,0
Lunch,"Monday, April 17, 2017"," $2,381.00 ",2,67.5,0.22,0,0,SP,14,0,0,0
Breakfast,"Monday, April 17, 2017"," $1,108.00 ",2,67.5,0.22,0,0,SP,14,0,0,0
Dinner,"Sunday, April 16, 2017"," $5,002.00 ",1,66.5,0.11,0,0,SP,14,0,0,1
Lunch,"Sunday, April 16, 2017"," $1,537.00 ",1,66.5,0.11,0,0,SP,14,0,0,1
Breakfast,"Sunday, April 16, 2017", $243.00 ,1,66.5,0.11,0,0,SP,14,0,0,1
Dinner,"Saturday, April 15, 2017"," $3,800.00 ",7,56,0,0,0,SP,13,0,0,1
Lunch,"Saturday, April 15, 2017"," $1,570.00 ",7,56,0,0,0,SP,13,0,0,1
Breakfast,"Saturday, April 15, 2017", $402.00 ,7,56,0,0,0,SP,13,0,0,1
Dinner,"Friday, April 14, 2017"," $4,387.00 ",6,51,0,0,0,SP,13,0,0,0
Lunch,"Friday, April 14, 2017"," $2,652.00 ",6,51,0,0,0,SP,13,0,0,0
Breakfast,"Friday, April 14, 2017"," $1,128.00 ",6,51,0,0,0,SP,13,0,0,0
Dinner,"Thursday, April 13, 2017"," $5,824.00 ",5,54,0,0,0,SP,13,0,0,0
Lunch,"Thursday, April 13, 2017"," $2,595.00 ",5,54,0,0,0,SP,13,0,0,0
Breakfast,"Thursday, April 13, 2017", $987.00 ,5,54,0,0,0,SP,13,0,0,0
Dinner,"Wednesday, April 12, 2017"," $7,028.00 ",4,66,0.13,0,0,SP,13,0,0,0
Lunch,"Wednesday, April 12, 2017"," $2,646.00 ",4,66,0.13,0,0,SP,13,0,0,0
Breakfast,"Wednesday, April 12, 2017"," $1,116.00 ",4,66,0.13,0,0,SP,13,0,0,0
Dinner,"Tuesday, April 11, 2017"," $6,509.00 ",3,65.5,0,0,0,SP,13,0,0,0
Lunch,"Tuesday, April 11, 2017"," $2,749.00 ",3,65.5,0,0,0,SP,13,0,0,0
Breakfast,"Tuesday, April 11, 2017"," $1,244.00 ",3,65.5,0,0,0,SP,13,0,0,0
Dinner,"Monday, April 10, 2017"," $7,365.00 ",2,53.5,0,0,0,SP,13,0,0,0
Lunch,"Monday, April 10, 2017"," $2,806.00 ",2,53.5,0,0,0,SP,13,0,0,0
Breakfast,"Monday, April 10, 2017"," $1,178.00 ",2,53.5,0,0,0,SP,13,0,0,0
Lunch,"Sunday, April 9, 2017"," $2,474.00 ",1,43.5,0,0,0,SP,13,0,0,0
Dinner,"Sunday, April 9, 2017"," $1,313.00 ",1,43.5,0,0,0,SP,13,0,0,0
Breakfast,"Sunday, April 9, 2017", $303.00 ,1,43.5,0,0,0,SP,13,0,0,0
Dinner,"Saturday, April 8, 2017"," $4,970.00 ",7,34,0.04,0,1,SP,12,0,0,0
Lunch,"Saturday, April 8, 2017"," $2,611.00 ",7,34,0.04,0,1,SP,12,0,0,0
Breakfast,"Saturday, April 8, 2017", $417.00 ,7,34,0.04,0,1,SP,12,0,0,0
Dinner,"Friday, April 7, 2017"," $5,547.00 ",6,42,0.78,0,0,SP,12,0,0,0
Lunch,"Friday, April 7, 2017"," $2,638.00 ",6,42,0.78,0,0,SP,12,0,0,0
Breakfast,"Friday, April 7, 2017", $964.00 ,6,42,0.78,0,0,SP,12,0,0,0
Dinner,"Thursday, April 6, 2017"," $6,345.00 ",5,56,0.02,0,0,SP,12,0,0,0
Lunch,"Thursday, April 6, 2017"," $2,345.00 ",5,56,0.02,0,0,SP,12,0,0,0
Breakfast,"Thursday, April 6, 2017"," $1,172.00 ",5,56,0.02,0,0,SP,12,0,0,0
Dinner,"Wednesday, April 5, 2017"," $6,728.00 ",4,56,0.11,0,0,SP,12,0,0,0
Lunch,"Wednesday, April 5, 2017"," $2,569.00 ",4,56,0.11,0,0,SP,12,0,0,0
Breakfast,"Wednesday, April 5, 2017"," $1,214.00 ",4,56,0.11,0,0,SP,12,0,0,0
Dinner,"Tuesday, April 4, 2017"," $6,990.00 ",3,54,0.28,0,0,SP,12,0,0,0
Lunch,"Tuesday, April 4, 2017"," $2,599.00 ",3,54,0.28,0,0,SP,12,0,0,0
Breakfast,"Tuesday, April 4, 2017"," $1,094.00 ",3,54,0.28,0,0,SP,12,0,0,0
Dinner,"Monday, April 3, 2017"," $6,995.00 ",2,48.5,0,0,0,SP,12,0,0,0
Lunch,"Monday, April 3, 2017"," $2,470.00 ",2,48.5,0,0,0,SP,12,0,0,0
Breakfast,"Monday, April 3, 2017", $963.00 ,2,48.5,0,0,0,SP,12,0,0,0
Dinner,"Sunday, April 2, 2017"," $6,448.00 ",1,41.5,0,0,0,SP,12,0,0,0
Lunch,"Sunday, April 2, 2017"," $2,745.00 ",1,41.5,0,0,0,SP,12,0,0,0
Breakfast,"Sunday, April 2, 2017", $402.00 ,1,41.5,0,0,0,SP,12,0,0,0
Dinner,"Saturday, April 1, 2017"," $5,397.00 ",7,40.5,0.88,0,0,SP,11,0,0,0
Lunch,"Saturday, April 1, 2017"," $2,512.00 ",7,40.5,0.88,0,0,SP,11,0,0,0
Breakfast,"Saturday, April 1, 2017", $339.00 ,7,40.5,0.88,0,0,SP,11,0,0,0
Dinner,"Friday, March 31, 2017"," $5,536.00 ",6,41,0.15,0,1,SP,11,0,0,0
Lunch,"Friday, March 31, 2017"," $2,778.00 ",6,41,0.15,0,1,SP,11,0,0,0
Breakfast,"Friday, March 31, 2017"," $1,089.00 ",6,41,0.15,0,1,SP,11,0,0,0
Dinner,"Thursday, March 30, 2017"," $6,187.00 ",5,46.5,0,0,0,SP,11,0,0,0
Lunch,"Thursday, March 30, 2017"," $2,357.00 ",5,46.5,0,0,0,SP,11,0,0,0
Breakfast,"Thursday, March 30, 2017"," $1,149.00 ",5,46.5,0,0,0,SP,11,0,0,0
Dinner,"Wednesday, March 29, 2017"," $6,683.00 ",4,50.5,0.24,0,0,SP,11,0,0,0
Lunch,"Wednesday, March 29, 2017"," $2,602.00 ",4,50.5,0.24,0,0,SP,11,0,0,0
Breakfast,"Wednesday, March 29, 2017"," $1,143.00 ",4,50.5,0.24,0,0,SP,11,0,0,0
Dinner,"Tuesday, March 28, 2017"," $7,356.00 ",3,55.5,0.1,0,0,SP,11,0,0,0
Lunch,"Tuesday, March 28, 2017"," $2,459.00 ",3,55.5,0.1,0,0,SP,11,0,0,0
Breakfast,"Tuesday, March 28, 2017"," $1,157.00 ",3,55.5,0.1,0,0,SP,11,0,0,0
Dinner,"Monday, March 27, 2017"," $7,620.00 ",2,43,0.4,0,0,SP,11,0,0,0
Lunch,"Monday, March 27, 2017"," $2,520.00 ",2,43,0.4,0,0,SP,11,0,0,0
Breakfast,"Monday, March 27, 2017"," $1,095.00 ",2,43,0.4,0,0,SP,11,0,0,0
Dinner,"Sunday, March 26, 2017"," $6,885.00 ",1,56.5,0,0,0,SP,11,0,0,0
Lunch,"Sunday, March 26, 2017"," $2,922.00 ",1,56.5,0,0,0,SP,11,0,0,0
Breakfast,"Sunday, March 26, 2017", $382.00 ,1,56.5,0,0,0,SP,11,0,0,0
Dinner,"Saturday, March 25, 2017"," $5,341.00 ",7,50,0,0,0,SP,10,0,0,0
Lunch,"Saturday, March 25, 2017"," $2,401.00 ",7,50,0,0,0,SP,10,0,0,0
Breakfast,"Saturday, March 25, 2017", $486.00 ,7,50,0,0,0,SP,10,0,0,0
Dinner,"Friday, March 24, 2017"," $5,735.00 ",6,32,0.02,0,0,SP,10,0,0,0
Lunch,"Friday, March 24, 2017"," $2,917.00 ",6,32,0.02,0,0,SP,10,0,0,0
Breakfast,"Friday, March 24, 2017"," $1,128.00 ",6,32,0.02,0,0,SP,10,0,0,0
Dinner,"Thursday, March 23, 2017"," $6,089.00 ",5,26,0,0,0,SP,10,0,0,0
Lunch,"Thursday, March 23, 2017"," $2,505.00 ",5,26,0,0,0,SP,10,0,0,0
Breakfast,"Thursday, March 23, 2017"," $1,194.00 ",5,26,0,0,0,SP,10,0,0,0
Dinner,"Wednesday, March 22, 2017"," $6,647.00 ",4,41.5,0,0,0,SP,10,0,0,0
Lunch,"Wednesday, March 22, 2017"," $2,449.00 ",4,41.5,0,0,0,SP,10,0,0,0
Breakfast,"Wednesday, March 22, 2017"," $1,105.00 ",4,41.5,0,0,0,SP,10,0,0,0
Dinner,"Tuesday, March 21, 2017"," $6,913.00 ",3,36,0.07,0,0,SP,10,0,0,0
Lunch,"Tuesday, March 21, 2017"," $2,270.00 ",3,36,0.07,0,0,SP,10,0,0,0
Breakfast,"Tuesday, March 21, 2017"," $1,347.00 ",3,36,0.07,0,0,SP,10,0,0,0
Dinner,"Monday, March 20, 2017"," $7,231.00 ",2,33.5,0,0,0,SP,10,0,0,0
Lunch,"Monday, March 20, 2017"," $2,732.00 ",2,33.5,0,0,0,SP,10,0,0,0
Breakfast,"Monday, March 20, 2017"," $1,087.00 ",2,33.5,0,0,0,SP,10,0,0,0
Dinner,"Sunday, March 19, 2017"," $7,070.00 ",1,35.5,0.28,0.6,0,SP,10,0,0,0
Lunch,"Sunday, March 19, 2017"," $3,016.00 ",1,35.5,0.28,0.6,0,SP,10,0,0,0
Breakfast,"Sunday, March 19, 2017", $326.00 ,1,35.5,0.28,0.6,0,SP,10,0,0,0
Dinner,"Saturday, March 18, 2017"," $5,439.00 ",7,34,0,0,0,SP,9,0,0,0
Lunch,"Saturday, March 18, 2017"," $2,531.00 ",7,34,0,0,0,SP,9,0,0,0
Breakfast,"Saturday, March 18, 2017", $456.00 ,7,34,0,0,0,SP,9,0,0,0
Dinner,"Friday, March 17, 2017"," $5,264.00 ",6,27,0,0,0,SP,9,0,0,0
Lunch,"Friday, March 17, 2017"," $2,613.00 ",6,27,0,0,0,SP,9,0,0,0
Breakfast,"Friday, March 17, 2017"," $1,013.00 ",6,27,0,0,0,SP,9,0,0,0
Dinner,"Thursday, March 16, 2017"," $5,718.00 ",5,20,0.03,0.3,0,SP,9,0,0,0
Lunch,"Thursday, March 16, 2017"," $2,414.00 ",5,20,0.03,0.3,0,SP,9,0,0,0
Breakfast,"Thursday, March 16, 2017"," $1,154.00 ",5,20,0.03,0.3,0,SP,9,0,0,0
Dinner,"Wednesday, March 15, 2017"," $6,154.00 ",4,20.5,0.24,3.8,0,SP,9,0,0,0
Lunch,"Wednesday, March 15, 2017"," $2,398.00 ",4,20.5,0.24,3.8,0,SP,9,0,0,0
Breakfast,"Wednesday, March 15, 2017", $875.00 ,4,20.5,0.24,3.8,0,SP,9,0,0,0
Dinner,"Tuesday, March 14, 2017"," $5,167.00 ",3,24,0.51,6.3,0,SP,9,0,0,0
Lunch,"Tuesday, March 14, 2017"," $3,024.00 ",3,24,0.51,6.3,0,SP,9,0,0,0
Breakfast,"Tuesday, March 14, 2017", $526.00 ,3,24,0.51,6.3,0,SP,9,0,0,0
Lunch,"Monday, March 13, 2017"," $3,312.00 ",2,19.5,0,0,0,SP,9,0,0,0
Breakfast,"Monday, March 13, 2017"," $1,027.00 ",2,19.5,0,0,0,SP,9,0,0,0
Dinner,"Sunday, March 12, 2017"," $3,827.00 ",1,18.5,0,0,0,SP,9,0,0,0
Lunch,"Sunday, March 12, 2017"," $1,214.00 ",1,18.5,0,0,0,SP,9,0,0,0
Breakfast,"Sunday, March 12, 2017", $70.00 ,1,18.5,0,0,0,SP,9,0,0,0
Lunch,"Friday, March 3, 2017"," $2,517.00 ",6,30,0,0,0,SP,8,0,0,0
Dinner,"Friday, March 3, 2017"," $1,743.00 ",6,30,0,0,0,SP,8,0,0,0
Breakfast,"Friday, March 3, 2017"," $1,293.00 ",6,30,0,0,0,SP,8,0,0,0
Dinner,"Thursday, March 2, 2017"," $5,460.00 ",5,46,0.2,0,0,SP,8,0,0,0
Lunch,"Thursday, March 2, 2017"," $2,729.00 ",5,46,0.2,0,0,SP,8,0,0,0
Breakfast,"Thursday, March 2, 2017"," $1,172.00 ",5,46,0.2,0,0,SP,8,0,0,0
Dinner,"Wednesday, March 1, 2017"," $6,693.00 ",4,45.5,0.15,0,1,SP,8,0,0,0
Lunch,"Wednesday, March 1, 2017"," $2,465.00 ",4,45.5,0.15,0,1,SP,8,0,0,0
Breakfast,"Wednesday, March 1, 2017"," $1,134.00 ",4,45.5,0.15,0,1,SP,8,0,0,0
Dinner,"Tuesday, February 28, 2017"," $7,299.00 ",3,38.5,0,0,0,SP,8,0,0,0
Lunch,"Tuesday, February 28, 2017"," $2,705.00 ",3,38.5,0,0,0,SP,8,0,0,0
Breakfast,"Tuesday, February 28, 2017"," $1,553.00 ",3,38.5,0,0,0,SP,8,0,0,0
Dinner,"Monday, February 27, 2017"," $7,030.00 ",2,30,0,0,0,SP,8,0,0,0
Lunch,"Monday, February 27, 2017"," $2,812.00 ",2,30,0,0,0,SP,8,0,0,0
Breakfast,"Monday, February 27, 2017"," $1,084.00 ",2,30,0,0,0,SP,8,0,0,0
Dinner,"Sunday, February 26, 2017"," $7,291.00 ",1,43,0.36,0,0,SP,8,0,0,0
Lunch,"Sunday, February 26, 2017"," $2,820.00 ",1,43,0.36,0,0,SP,8,0,0,0
Breakfast,"Sunday, February 26, 2017", $478.00 ,1,43,0.36,0,0,SP,8,0,0,0
Dinner,"Saturday, February 25, 2017"," $6,007.00 ",7,63,0,0,0,SP,7,0,0,0
Lunch,"Saturday, February 25, 2017"," $2,502.00 ",7,63,0,0,0,SP,7,0,0,0
Breakfast,"Saturday, February 25, 2017", $884.00 ,7,63,0,0,0,SP,7,0,0,0
Dinner,"Friday, February 24, 2017"," $5,874.00 ",6,57.5,0,0,0,SP,7,0,0,0
Lunch,"Friday, February 24, 2017"," $2,677.00 ",6,57.5,0,0,0,SP,7,0,0,0
Breakfast,"Friday, February 24, 2017"," $1,246.00 ",6,57.5,0,0,0,SP,7,0,0,0
Dinner,"Thursday, February 23, 2017"," $6,152.00 ",5,53.5,0,0,0,SP,7,0,0,0
Lunch,"Thursday, February 23, 2017"," $2,533.00 ",5,53.5,0,0,0,SP,7,0,0,0
Breakfast,"Thursday, February 23, 2017"," $1,325.00 ",5,53.5,0,0,0,SP,7,0,0,0
Dinner,"Wednesday, February 22, 2017"," $6,745.00 ",4,43.5,0,0,0,SP,7,0,0,0
Lunch,"Wednesday, February 22, 2017"," $2,529.00 ",4,43.5,0,0,0,SP,7,0,0,0
Breakfast,"Wednesday, February 22, 2017"," $1,382.00 ",4,43.5,0,0,0,SP,7,0,0,0
Dinner,"Tuesday, February 21, 2017"," $7,163.00 ",3,45.5,0,0,0,SP,7,0,0,0
Lunch,"Tuesday, February 21, 2017"," $2,543.00 ",3,45.5,0,0,0,SP,7,0,0,0
Breakfast,"Tuesday, February 21, 2017"," $1,155.00 ",3,45.5,0,0,0,SP,7,0,0,0
Dinner,"Monday, February 20, 2017"," $6,509.00 ",2,51.5,0,0,0,SP,7,0,0,0
Lunch,"Monday, February 20, 2017"," $2,627.00 ",2,51.5,0,0,0,SP,7,0,0,0
Breakfast,"Monday, February 20, 2017"," $1,096.00 ",2,51.5,0,0,0,SP,7,0,0,0
Dinner,"Sunday, February 19, 2017"," $6,550.00 ",1,49,0,0,0,SP,7,0,0,0
Lunch,"Sunday, February 19, 2017"," $2,109.00 ",1,49,0,0,0,SP,7,0,0,0
Breakfast,"Sunday, February 19, 2017", $241.00 ,1,49,0,0,0,SP,7,0,0,0
Dinner,"Saturday, February 18, 2017"," $5,708.00 ",7,32.5,0,0,0,SP,6,0,0,0
Lunch,"Saturday, February 18, 2017"," $2,913.00 ",7,32.5,0,0,0,SP,6,0,0,0
Breakfast,"Saturday, February 18, 2017", $504.00 ,7,32.5,0,0,0,SP,6,0,0,0
Dinner,"Friday, February 17, 2017"," $5,931.00 ",6,24,0,0,0,SP,6,0,0,0
Lunch,"Friday, February 17, 2017"," $3,842.00 ",6,24,0,0,0,SP,6,0,0,0
Breakfast,"Friday, February 17, 2017"," $1,125.00 ",6,24,0,0,0,SP,6,0,0,0
Dinner,"Thursday, February 16, 2017"," $7,461.00 ",5,33.5,0.01,0.1,0,SP,6,0,0,0
Lunch,"Thursday, February 16, 2017"," $2,871.00 ",5,33.5,0.01,0.1,0,SP,6,0,0,0
Breakfast,"Thursday, February 16, 2017"," $1,223.00 ",5,33.5,0.01,0.1,0,SP,6,0,0,0
Dinner,"Wednesday, February 15, 2017"," $6,444.00 ",4,35,0,0,0,SP,6,0,0,0
Lunch,"Wednesday, February 15, 2017"," $2,433.00 ",4,35,0,0,0,SP,6,0,0,0
Breakfast,"Wednesday, February 15, 2017"," $1,187.00 ",4,35,0,0,0,SP,6,0,0,0
Dinner,"Tuesday, February 14, 2017"," $6,089.00 ",3,25.5,0,0,0,SP,6,0,0,0
Lunch,"Tuesday, February 14, 2017"," $2,676.00 ",3,25.5,0,0,0,SP,6,0,0,0
Breakfast,"Tuesday, February 14, 2017"," $1,219.00 ",3,25.5,0,0,0,SP,6,0,0,0
Dinner,"Monday, February 13, 2017"," $7,134.00 ",2,36.5,0.16,0,1,SP,6,0,0,0
Lunch,"Monday, February 13, 2017"," $2,573.00 ",2,36.5,0.16,0,1,SP,6,0,0,0
Breakfast,"Monday, February 13, 2017", $970.00 ,2,36.5,0.16,0,1,SP,6,0,0,0
Dinner,"Sunday, February 12, 2017"," $6,721.00 ",1,41.5,0.2,0,0,SP,6,0,0,0
Lunch,"Sunday, February 12, 2017"," $2,768.00 ",1,41.5,0.2,0,0,SP,6,0,0,0
Breakfast,"Sunday, February 12, 2017", $187.00 ,1,41.5,0.2,0,0,SP,6,0,0,0
Dinner,"Saturday, February 11, 2017"," $5,555.00 ",7,22.5,0,0,0,SP,5,0,0,0
Lunch,"Saturday, February 11, 2017"," $2,256.00 ",7,22.5,0,0,0,SP,5,0,0,0
Breakfast,"Saturday, February 11, 2017", $409.00 ,7,22.5,0,0,0,SP,5,0,0,0
Dinner,"Friday, February 10, 2017"," $5,898.00 ",6,21,0.04,0.5,0,SP,5,0,0,0
Lunch,"Friday, February 10, 2017"," $2,593.00 ",6,21,0.04,0.5,0,SP,5,0,0,0
Breakfast,"Friday, February 10, 2017"," $1,164.00 ",6,21,0.04,0.5,0,SP,5,0,0,0
Dinner,"Thursday, February 9, 2017"," $6,294.00 ",5,38.5,0.7,5.7,1,SP,5,0,0,0
Lunch,"Thursday, February 9, 2017"," $2,981.00 ",5,38.5,0.7,5.7,1,SP,5,0,0,0
Breakfast,"Thursday, February 9, 2017"," $1,026.00 ",5,38.5,0.7,5.7,1,SP,5,0,0,0
Dinner,"Wednesday, February 8, 2017"," $6,959.00 ",4,44.5,0.22,0,0,SP,5,0,0,0
Lunch,"Wednesday, February 8, 2017"," $2,500.00 ",4,44.5,0.22,0,0,SP,5,0,0,0
Breakfast,"Wednesday, February 8, 2017"," $1,072.00 ",4,44.5,0.22,0,0,SP,5,0,0,0
Dinner,"Tuesday, February 7, 2017"," $6,581.00 ",3,40,0.07,0,0,SP,5,0,0,0
Lunch,"Tuesday, February 7, 2017"," $2,380.00 ",3,40,0.07,0,0,SP,5,0,0,0
Breakfast,"Tuesday, February 7, 2017"," $1,471.00 ",3,40,0.07,0,0,SP,5,0,0,0
Dinner,"Monday, February 6, 2017"," $7,575.00 ",2,34,0,0,0,SP,5,0,0,0
Lunch,"Monday, February 6, 2017"," $3,086.00 ",2,34,0,0,0,SP,5,0,0,0
Breakfast,"Monday, February 6, 2017"," $1,085.00 ",2,34,0,0,0,SP,5,0,0,0
Dinner,"Sunday, February 5, 2017"," $6,654.00 ",1,23,0,0,0,SP,5,0,0,0
Lunch,"Sunday, February 5, 2017"," $3,232.00 ",1,23,0,0,0,SP,5,0,0,0
Breakfast,"Sunday, February 5, 2017", $390.00 ,1,23,0,0,0,SP,5,0,0,0
Dinner,"Saturday, February 4, 2017"," $6,164.00 ",7,20.5,0,0,0,SP,4,0,0,0
Lunch,"Saturday, February 4, 2017"," $2,558.00 ",7,20.5,0,0,0,SP,4,0,0,0
Breakfast,"Saturday, February 4, 2017", $522.00 ,7,20.5,0,0,0,SP,4,0,0,0
Dinner,"Friday, February 3, 2017"," $5,091.00 ",6,24.5,0,0,0,SP,4,0,0,0
Lunch,"Friday, February 3, 2017"," $2,492.00 ",6,24.5,0,0,0,SP,4,0,0,0
Breakfast,"Friday, February 3, 2017"," $1,065.00 ",6,24.5,0,0,0,SP,4,0,0,0
Dinner,"Thursday, February 2, 2017"," $6,470.00 ",5,34.5,0.02,0,0,SP,4,0,0,0
Lunch,"Thursday, February 2, 2017"," $2,587.00 ",5,34.5,0.02,0,0,SP,4,0,0,0
Breakfast,"Thursday, February 2, 2017"," $1,349.00 ",5,34.5,0.02,0,0,SP,4,0,0,0
Dinner,"Wednesday, February 1, 2017"," $6,558.00 ",4,31,0.23,3.2,0,SP,4,0,0,0
Lunch,"Wednesday, February 1, 2017"," $2,830.00 ",4,31,0.23,3.2,0,SP,4,0,0,0
Breakfast,"Wednesday, February 1, 2017"," $1,114.00 ",4,31,0.23,3.2,0,SP,4,0,0,0
Dinner,"Tuesday, January 31, 2017"," $7,055.00 ",3,24.5,0.04,0.6,0,SP,4,0,0,0
Lunch,"Tuesday, January 31, 2017"," $2,668.00 ",3,24.5,0.04,0.6,0,SP,4,0,0,0
Breakfast,"Tuesday, January 31, 2017"," $1,182.00 ",3,24.5,0.04,0.6,0,SP,4,0,0,0
Dinner,"Monday, January 30, 2017"," $6,965.00 ",2,27.5,0,0,0,SP,4,0,0,0
Lunch,"Monday, January 30, 2017"," $2,549.00 ",2,27.5,0,0,0,SP,4,0,0,0
Breakfast,"Monday, January 30, 2017", $903.00 ,2,27.5,0,0,0,SP,4,0,0,0
Dinner,"Sunday, January 29, 2017"," $6,692.00 ",1,29.5,0.02,0.4,0,SP,4,0,0,0
Lunch,"Sunday, January 29, 2017"," $2,708.00 ",1,29.5,0.02,0.4,0,SP,4,0,0,0
Breakfast,"Sunday, January 29, 2017", $278.00 ,1,29.5,0.02,0.4,0,SP,4,0,0,0
Dinner,"Saturday, January 28, 2017"," $5,628.00 ",7,30.5,0,0,0,SP,3,0,0,0
Lunch,"Saturday, January 28, 2017"," $2,414.00 ",7,30.5,0,0,0,SP,3,0,0,0
Breakfast,"Saturday, January 28, 2017", $532.00 ,7,30.5,0,0,0,SP,3,0,0,0
Dinner,"Friday, January 27, 2017"," $5,281.00 ",6,37.5,0,0,0,SP,3,0,0,0
Lunch,"Friday, January 27, 2017"," $2,561.00 ",6,37.5,0,0,0,SP,3,0,0,0
Breakfast,"Friday, January 27, 2017"," $1,025.00 ",6,37.5,0,0,0,SP,3,0,0,0
Dinner,"Thursday, January 26, 2017"," $6,058.00 ",5,43.5,0.11,0,0,SP,3,0,0,0
Lunch,"Thursday, January 26, 2017"," $2,323.00 ",5,43.5,0.11,0,0,SP,3,0,0,0
Breakfast,"Thursday, January 26, 2017"," $1,203.00 ",5,43.5,0.11,0,0,SP,3,0,0,0
Dinner,"Wednesday, January 25, 2017"," $6,747.00 ",4,35.5,0.02,0,0,SP,3,0,0,0
Lunch,"Wednesday, January 25, 2017"," $2,472.00 ",4,35.5,0.02,0,0,SP,3,0,0,0
Breakfast,"Wednesday, January 25, 2017"," $2,385.00 ",4,35.5,0.02,0,0,SP,3,0,0,0
Dinner,"Tuesday, January 24, 2017"," $6,446.00 ",3,37.5,1.04,2.1,1,SP,3,0,0,0
Lunch,"Tuesday, January 24, 2017"," $2,508.00 ",3,37.5,1.04,2.1,1,SP,3,0,0,0
Breakfast,"Tuesday, January 24, 2017"," $1,060.00 ",3,37.5,1.04,2.1,1,SP,3,0,0,0
Dinner,"Monday, January 23, 2017"," $6,384.00 ",2,43,0.03,0,0,SP,3,0,0,0
Lunch,"Monday, January 23, 2017"," $2,096.00 ",2,43,0.03,0,0,SP,3,0,0,0
Breakfast,"Monday, January 23, 2017", $971.00 ,2,43,0.03,0,0,SP,3,0,0,0
Dinner,"Sunday, January 22, 2017"," $6,339.00 ",1,42,0.02,0,0,SP,3,0,0,0
Lunch,"Sunday, January 22, 2017"," $2,682.00 ",1,42,0.02,0,0,SP,3,0,0,0
Breakfast,"Sunday, January 22, 2017", $313.00 ,1,42,0.02,0,0,SP,3,0,0,0
Dinner,"Saturday, January 21, 2017"," $5,540.00 ",7,35,0.15,0,0,SP,2,0,0,0
Lunch,"Saturday, January 21, 2017"," $1,965.00 ",7,35,0.15,0,0,SP,2,0,0,0
Breakfast,"Saturday, January 21, 2017", $450.00 ,7,35,0.15,0,0,SP,2,0,0,0
Dinner,"Friday, January 20, 2017"," $4,819.00 ",6,34.5,0,0,0,SP,2,0,0,0
Lunch,"Friday, January 20, 2017"," $2,629.00 ",6,34.5,0,0,0,SP,2,0,0,0
Breakfast,"Friday, January 20, 2017", $878.00 ,6,34.5,0,0,0,SP,2,0,0,0
Dinner,"Thursday, January 19, 2017"," $5,569.00 ",5,40.5,0.02,0,0,SP,2,0,0,0
Lunch,"Thursday, January 19, 2017"," $2,316.00 ",5,40.5,0.02,0,0,SP,2,0,0,0
Breakfast,"Thursday, January 19, 2017"," $1,316.00 ",5,40.5,0.02,0,0,SP,2,0,0,0
Dinner,"Wednesday, January 18, 2017"," $6,001.00 ",4,37.5,0.08,0,0,SP,2,0,0,0
Lunch,"Wednesday, January 18, 2017"," $2,281.00 ",4,37.5,0.08,0,0,SP,2,0,0,0
Breakfast,"Wednesday, January 18, 2017", $999.00 ,4,37.5,0.08,0,0,SP,2,0,0,0
Dinner,"Tuesday, January 17, 2017"," $6,006.00 ",3,26.5,0.04,0,0,SP,2,0,0,0
Lunch,"Tuesday, January 17, 2017"," $2,099.00 ",3,26.5,0.04,0,0,SP,2,0,0,0
Breakfast,"Tuesday, January 17, 2017"," $1,129.00 ",3,26.5,0.04,0,0,SP,2,0,0,0
Dinner,"Monday, January 16, 2017"," $5,865.00 ",2,27,0,0,0,SP,2,0,0,0
Lunch,"Monday, January 16, 2017"," $2,450.00 ",2,27,0,0,0,SP,2,0,0,0
Breakfast,"Monday, January 16, 2017", $524.00 ,2,27,0,0,0,SP,2,0,0,0
Dinner,"Sunday, January 15, 2017"," $5,183.00 ",1,26,0.04,0.5,0,SP,2,0,0,0
Lunch,"Sunday, January 15, 2017"," $2,347.00 ",1,26,0.04,0.5,0,SP,2,0,0,0
Breakfast,"Sunday, January 15, 2017", $333.00 ,1,26,0.04,0.5,0,SP,2,0,0,0
Dinner,"Saturday, January 14, 2017"," $4,326.00 ",7,31.5,0,0,0,SP,1,0,0,0
Lunch,"Saturday, January 14, 2017"," $2,324.00 ",7,31.5,0,0,0,SP,1,0,0,0
Breakfast,"Saturday, January 14, 2017", $390.00 ,7,31.5,0,0,0,SP,1,0,0,0
Dinner,"Friday, January 13, 2017"," $4,693.00 ",6,47.5,0.49,0,0,SP,1,0,0,0
Lunch,"Friday, January 13, 2017"," $2,474.00 ",6,47.5,0.49,0,0,SP,1,0,0,0
Breakfast,"Friday, January 13, 2017", $959.00 ,6,47.5,0.49,0,0,SP,1,0,0,0
Dinner,"Thursday, January 12, 2017"," $4,655.00 ",5,44.5,0.27,0,0,SP,1,0,0,0
Lunch,"Thursday, January 12, 2017"," $2,080.00 ",5,44.5,0.27,0,0,SP,1,0,0,0
Breakfast,"Thursday, January 12, 2017"," $1,229.00 ",5,44.5,0.27,0,0,SP,1,0,0,0
Dinner,"Wednesday, January 11, 2017"," $4,438.00 ",4,27.5,0.22,1.1,1,SP,1,0,0,0
Lunch,"Wednesday, January 11, 2017"," $2,247.00 ",4,27.5,0.22,1.1,1,SP,1,0,0,0
Breakfast,"Wednesday, January 11, 2017", $885.00 ,4,27.5,0.22,1.1,1,SP,1,0,0,0
Dinner,"Tuesday, January 10, 2017"," $4,709.00 ",3,17.5,0,0,0,SP,1,0,0,0
Lunch,"Tuesday, January 10, 2017"," $2,231.00 ",3,17.5,0,0,0,SP,1,0,0,0
Breakfast,"Tuesday, January 10, 2017", $970.00 ,3,17.5,0,0,0,SP,1,0,0,0
Dinner,"Monday, January 9, 2017"," $5,661.00 ",2,12.5,0,0,0,SP,1,0,0,0
Lunch,"Monday, January 9, 2017"," $2,295.00 ",2,12.5,0,0,0,SP,1,0,0,0
Breakfast,"Monday, January 9, 2017"," $1,027.00 ",2,12.5,0,0,0,SP,1,0,0,0
,,,,,#NAME?,#NAME?,#NAME?,#NAME?,,,,
,,,,#NAME?,#NAME?,#NAME?,#NAME?,#NAME?,#NAME?,,,
,,,,#NAME?,#NAME?,#NAME?,#NAME?,#NAME?,#NAME?,,,
,,,,#NAME?,#NAME?,#NAME?,#NAME?,#NAME?,#NAME?,,,
,,,,#NAME?,#NAME?,#NAME?,#NAME?,#NAME?,#NAME?,,,
,,,,#NAME?,#NAME?,#NAME?,#NAME?,#NAME?,#NAME?,,,
,,,,#NAME?,#NAME?,#NAME?,#NAME?,#NAME?,#NAME?,,,
,,,,#NAME?,#NAME?,#NAME?,#NAME?,#NAME?,#NAME?,,,
,,,,#NAME?,#NAME?,#NAME?,#NAME?,#NAME?,#NAME?,,,
,,,,#NAME?,#NAME?,#NAME?,#NAME?,#NAME?,#NAME?,,,
,,,,#NAME?,#NAME?,#NAME?,#NAME?,#NAME?,#NAME?,,,
,,,,#NAME?,#NAME?,#NAME?,#NAME?,#NAME?,#NAME?,,,
,,,,#NAME?,#NAME?,#NAME?,#NAME?,#NAME?,#NAME?,,,
,,,,#NAME?,#NAME?,#NAME?,#NAME?,#NAME?,#NAME?,,,
,,,,#NAME?,#NAME?,#NAME?,#NAME?,#NAME?,#NAME?,,,
,,,,#NAME?,#NAME?,#NAME?,#NAME?,#NAME?,#NAME?,,,
,,,,#NAME?,#NAME?,#NAME?,#NAME?,#NAME?,#NAME?,,,
,,,,#NAME?,#NAME?,#NAME?,#NAME?,#NAME?,#NAME?,,,
,,,,#NAME?,#NAME?,#NAME?,#NAME?,#NAME?,#NAME?,,,
,,,,#NAME?,#NAME?,#NAME?,#NAME?,#NAME?,#NAME?,,,
,,,,#NAME?,#NAME?,#NAME?,#NAME?,#NAME?,#NAME?,,,
,,,,#NAME?,#NAME?,#NAME?,#NAME?,#NAME?,#NAME?,,,
,,,,#NAME?,#NAME?,#NAME?,#NAME?,#NAME?,#NAME?,,,
,,,,#NAME?,#NAME?,#NAME?,#NAME?,#NAME?,#NAME?,,,
,,,,#NAME?,#NAME?,#NAME?,#NAME?,#NAME?,#NAME?,,,
,,,,#NAME?,#NAME?,#NAME?,#NAME?,#NAME?,#NAME?,,,
,,,,#NAME?,#NAME?,#NAME?,#NAME?,#NAME?,#NAME?,,,
,,,,#NAME?,#NAME?,#NAME?,#NAME?,#NAME?,#NAME?,,,
,,,,#NAME?,#NAME?,#NAME?,#NAME?,#NAME?,#NAME?,,,
,,,,#NAME?,#NAME?,#NAME?,#NAME?,#NAME?,#NAME?,,,
,,,,#NAME?,#NAME?,#NAME?,#NAME?,#NAME?,#NAME?,,,
,,,,#NAME?,#NAME?,#NAME?,#NAME?,#NAME?,#NAME?,,,
,,,,#NAME?,#NAME?,#NAME?,#NAME?,#NAME?,#NAME?,,,
,,,,#NAME?,#NAME?,#NAME?,#NAME?,#NAME?,#NAME?,,,
,,,,#NAME?,#NAME?,#NAME?,#NAME?,#NAME?,#NAME?,,,
,,,,#NAME?,#NAME?,#NAME?,#NAME?,#NAME?,#NAME?,,,
,,,,#NAME?,#NAME?,#NAME?,#NAME?,#NAME?,#NAME?,,,
,,,,#NAME?,#NAME?,#NAME?,#NAME?,#NAME?,#NAME?,,,
,,,,#NAME?,#NAME?,#NAME?,#NAME?,#NAME?,#NAME?,,,
,,,,#NAME?,#NAME?,#NAME?,#NAME?,#NAME?,#NAME?,,,
,,,,#NAME?,#NAME?,#NAME?,#NAME?,#NAME?,#NAME?,,,
,,,,#NAME?,#NAME?,#NAME?,#NAME?,#NAME?,#NAME?,,,
,,,,#NAME?,#NAME?,#NAME?,#NAME?,#NAME?,#NAME?,,,
,,,,#NAME?,#NAME?,#NAME?,#NAME?,#NAME?,#NAME?,,,
,,,,#NAME?,#NAME?,#NAME?,#NAME?,#NAME?,#NAME?,,,
,,,,#NAME?,#NAME?,#NAME?,#NAME?,#NAME?,#NAME?,,,
,,,,#NAME?,#NAME?,#NAME?,#NAME?,#NAME?,#NAME?,,,
,,,,#NAME?,#NAME?,#NAME?,#NAME?,#NAME?,#NAME?,,,
,,,,#NAME?,#NAME?,#NAME?,#NAME?,#NAME?,#NAME?,,,
,,,,#NAME?,#NAME?,#NAME?,#NAME?,#NAME?,#NAME?,,,
,,,,#NAME?,#NAME?,#NAME?,#NAME?,#NAME?,#NAME?,,,
,,,,#NAME?,#NAME?,#NAME?,#NAME?,#NAME?,#NAME?,,,
,,,,#NAME?,#NAME?,#NAME?,#NAME?,#NAME?,#NAME?,,,
,,,,#NAME?,#NAME?,#NAME?,#NAME?,#NAME?,#NAME?,,,
,,,,#NAME?,#NAME?,#NAME?,#NAME?,#NAME?,#NAME?,,,
,,,,#NAME?,#NAME?,#NAME?,#NAME?,#NAME?,#NAME?,,,
,,,,#NAME?,#NAME?,#NAME?,#NAME?,#NAME?,#NAME?,,,
,,,,#NAME?,#NAME?,#NAME?,#NAME?,#NAME?,#NAME?,,,
,,,,#NAME?,#NAME?,#NAME?,#NAME?,#NAME?,#NAME?,,,
,,,,#NAME?,#NAME?,#NAME?,#NAME?,#NAME?,#NAME?,,,
,,,,#NAME?,#NAME?,#NAME?,#NAME?,#NAME?,#NAME?,,,
,,,,#NAME?,#NAME?,#NAME?,#NAME?,#NAME?,#NAME?,,,
,,,,#NAME?,#NAME?,#NAME?,#NAME?,#NAME?,#NAME?,,,
,,,,#NAME?,#NAME?,#NAME?,#NAME?,#NAME?,#NAME?,,,
,,,,#NAME?,#NAME?,#NAME?,#NAME?,#NAME?,#NAME?,,,
,,,,#NAME?,#NAME?,#NAME?,#NAME?,#NAME?,#NAME?,,,
,,,,#NAME?,#NAME?,#NAME?,#NAME?,#NAME?,#NAME?,,,
,,,,#NAME?,#NAME?,#NAME?,#NAME?,#NAME?,#NAME?,,,
,,,,#NAME?,#NAME?,#NAME?,#NAME?,#NAME?,#NAME?,,,
,,,,#NAME?,#NAME?,#NAME?,#NAME?,#NAME?,#NAME?,,,
,,,,#NAME?,#NAME?,#NAME?,#NAME?,#NAME?,#NAME?,,,
,,,,#NAME?,#NAME?,#NAME?,#NAME?,#NAME?,#NAME?,,,
,,,,#NAME?,#NAME?,#NAME?,#NAME?,#NAME?,#NAME?,,,
,,,,#NAME?,#NAME?,#NAME?,#NAME?,#NAME?,#NAME?,,,
,,,,#NAME?,#NAME?,#NAME?,#NAME?,#NAME?,#NAME?,,,
,,,,#NAME?,#NAME?,#NAME?,#NAME?,#NAME?,#NAME?,,,
,,,,#NAME?,#NAME?,#NAME?,#NAME?,#NAME?,#NAME?,,,
,,,,#NAME?,#NAME?,#NAME?,#NAME?,#NAME?,#NAME?,,,
,,,,#NAME?,#NAME?,#NAME?,#NAME?,#NAME?,#NAME?,,,
,,,,#NAME?,#NAME?,#NAME?,#NAME?,#NAME?,#NAME?,,,
,,,,#NAME?,#NAME?,#NAME?,#NAME?,#NAME?,#NAME?,,,
,,,,#NAME?,#NAME?,#NAME?,#NAME?,#NAME?,#NAME?,,,
,,,,#NAME?,#NAME?,#NAME?,#NAME?,#NAME?,#NAME?,,,
,,,,#NAME?,#NAME?,#NAME?,#NAME?,#NAME?,#NAME?,,,
,,,,#NAME?,#NAME?,#NAME?,#NAME?,#NAME?,#NAME?,,,
,,,,#NAME?,#NAME?,#NAME?,#NAME?,#NAME?,#NAME?,,,
,,,,#NAME?,#NAME?,#NAME?,#NAME?,#NAME?,#NAME?,,,
,,,,#NAME?,#NAME?,#NAME?,#NAME?,#NAME?,#NAME?,,,
,,,,#NAME?,#NAME?,#NAME?,#NAME?,#NAME?,#NAME?,,,
,,,,#NAME?,#NAME?,#NAME?,#NAME?,#NAME?,#NAME?,,,
,,,,#NAME?,#NAME?,#NAME?,#NAME?,#NAME?,#NAME?,,,
,,,,#NAME?,#NAME?,#NAME?,#NAME?,#NAME?,#NAME?,,,
,,,,#NAME?,#NAME?,#NAME?,#NAME?,#NAME?,#NAME?,,,
,,,,#NAME?,#NAME?,#NAME?,#NAME?,#NAME?,#NAME?,,,
,,,,#NAME?,#NAME?,#NAME?,#NAME?,#NAME?,#NAME?,,,
,,,,#NAME?,#NAME?,#NAME?,#NAME?,#NAME?,#NAME?,,,
,,,,#NAME?,#NAME?,#NAME?,#NAME?,#NAME?,#NAME?,,,
,,,,#NAME?,#NAME?,#NAME?,#NAME?,#NAME?,#NAME?,,,
,,,,#NAME?,#NAME?,#NAME?,#NAME?,#NAME?,#NAME?,,,
,,,,#NAME?,#NAME?,#NAME?,#NAME?,#NAME?,#NAME?,,,
,,,,#NAME?,#NAME?,#NAME?,#NAME?,#NAME?,#NAME?,,,
,,,,#NAME?,#NAME?,#NAME?,#NAME?,#NAME?,#NAME?,,,
,,,,#NAME?,#NAME?,#NAME?,#NAME?,#NAME?,#NAME?,,,
,,,,#NAME?,#NAME?,#NAME?,#NAME?,#NAME?,#NAME?,,,
,,,,#NAME?,#NAME?,#NAME?,#NAME?,#NAME?,#NAME?,,,
,,,,#NAME?,#NAME?,#NAME?,#NAME?,#NAME?,#NAME?,,,
,,,,#NAME?,#NAME?,#NAME?,#NAME?,#NAME?,#NAME?,,,
,,,,#NAME?,#NAME?,#NAME?,#NAME?,#NAME?,#NAME?,,,
,,,,#NAME?,#NAME?,#NAME?,#NAME?,#NAME?,#NAME?,,,
,,,,#NAME?,#NAME?,#NAME?,#NAME?,#NAME?,#NAME?,,,
,,,,#NAME?,#NAME?,#NAME?,#NAME?,#NAME?,#NAME?,,,
,,,,#NAME?,#NAME?,#NAME?,#NAME?,#NAME?,#NAME?,,,
,,,,#NAME?,#NAME?,#NAME?,#NAME?,#NAME?,#NAME?,,,
,,,,#NAME?,#NAME?,#NAME?,#NAME?,#NAME?,#NAME?,,,
,,,,#NAME?,#NAME?,#NAME?,#NAME?,#NAME?,#NAME?,,,
,,,,#NAME?,#NAME?,#NAME?,#NAME?,#NAME?,#NAME?,,,
,,,,#NAME?,#NAME?,#NAME?,#NAME?,#NAME?,#NAME?,,,
,,,,#NAME?,#NAME?,#NAME?,#NAME?,#NAME?,#NAME?,,,
,,,,#NAME?,#NAME?,#NAME?,#NAME?,#NAME?,#NAME?,,,
,,,,#NAME?,#NAME?,#NAME?,#NAME?,#NAME?,#NAME?,,,
,,,,#NAME?,#NAME?,#NAME?,#NAME?,#NAME?,#NAME?,,,
,,,,#NAME?,#NAME?,#NAME?,#NAME?,#NAME?,#NAME?,,,
,,,,#NAME?,#NAME?,#NAME?,#NAME?,#NAME?,#NAME?,,,
,,,,#NAME?,#NAME?,#NAME?,#NAME?,#NAME?,#NAME?,,,
,,,,#NAME?,#NAME?,#NAME?,#NAME?,#NAME?,#NAME?,,,
,,,,#NAME?,#NAME?,#NAME?,#NAME?,#NAME?,#NAME?,,,
,,,,#NAME?,#NAME?,#NAME?,#NAME?,#NAME?,#NAME?,,,
,,,,#NAME?,#NAME?,#NAME?,#NAME?,#NAME?,#NAME?,,,
,,,,#NAME?,#NAME?,#NAME?,#NAME?,#NAME?,#NAME?,,,
,,,,#NAME?,#NAME?,#NAME?,#NAME?,#NAME?,#NAME?,,,
,,,,#NAME?,#NAME?,#NAME?,#NAME?,#NAME?,#NAME?,,,
,,,,#NAME?,#NAME?,#NAME?,#NAME?,#NAME?,#NAME?,,,
,,,,#NAME?,#NAME?,#NAME?,#NAME?,#NAME?,#NAME?,,,
,,,,#NAME?,#NAME?,#NAME?,#NAME?,#NAME?,#NAME?,,,
,,,,#NAME?,#NAME?,#NAME?,#NAME?,#NAME?,#NAME?,,,
,,,,#NAME?,#NAME?,#NAME?,#NAME?,#NAME?,#NAME?,,,
,,,,#NAME?,#NAME?,#NAME?,#NAME?,#NAME?,#NAME?,,,
,,,,#NAME?,#NAME?,#NAME?,#NAME?,#NAME?,#NAME?,,,
,,,,#NAME?,#NAME?,#NAME?,#NAME?,#NAME?,#NAME?,,,
,,,,#NAME?,#NAME?,#NAME?,#NAME?,#NAME?,#NAME?,,,
,,,,#NAME?,#NAME?,#NAME?,#NAME?,#NAME?,#NAME?,,,
,,,,#NAME?,#NAME?,#NAME?,#NAME?,#NAME?,#NAME?,,,
,,,,#NAME?,#NAME?,#NAME?,#NAME?,#NAME?,#NAME?,,,
,,,,#NAME?,#NAME?,#NAME?,#NAME?,#NAME?,#NAME?,,,
,,,,#NAME?,#NAME?,#NAME?,#NAME?,#NAME?,#NAME?,,,
,,,,#NAME?,#NAME?,#NAME?,#NAME?,#NAME?,#NAME?,,,
,,,,#NAME?,#NAME?,#NAME?,#NAME?,#NAME?,#NAME?,,,
,,,,#NAME?,#NAME?,#NAME?,#NAME?,#NAME?,#NAME?,,,
,,,,#NAME?,#NAME?,#NAME?,#NAME?,#NAME?,#NAME?,,,
,,,,#NAME?,#NAME?,#NAME?,#NAME?,#NAME?,#NAME?,,,
,,,,#NAME?,#NAME?,#NAME?,#NAME?,#NAME?,#NAME?,,,
,,,,#NAME?,#NAME?,#NAME?,#NAME?,#NAME?,#NAME?,,,
,,,,#NAME?,#NAME?,#NAME?,#NAME?,#NAME?,#NAME?,,,
,,,,#NAME?,#NAME?,#NAME?,#NAME?,#NAME?,#NAME?,,,
,,,,#NAME?,#NAME?,#NAME?,#NAME?,#NAME?,#NAME?,,,
,,,,#NAME?,#NAME?,#NAME?,#NAME?,#NAME?,#NAME?,,,
,,,,#NAME?,#NAME?,#NAME?,#NAME?,#NAME?,#NAME?,,,
,,,,#NAME?,#NAME?,#NAME?,#NAME?,#NAME?,#NAME?,,,
,,,,#NAME?,#NAME?,#NAME?,#NAME?,#NAME?,#NAME?,,,
,,,,#NAME?,#NAME?,#NAME?,#NAME?,#NAME?,#NAME?,,,
,,,,#NAME?,#NAME?,#NAME?,#NAME?,#NAME?,#NAME?,,,
,,,,#NAME?,#NAME?,#NAME?,#NAME?,#NAME?,#NAME?,,,
,,,,#NAME?,#NAME?,#NAME?,#NAME?,#NAME?,#NAME?,,,
,,,,#NAME?,#NAME?,#NAME?,#NAME?,#NAME?,#NAME?,,,
,,,,#NAME?,#NAME?,#NAME?,#NAME?,#NAME?,#NAME?,,,
,,,,#NAME?,#NAME?,#NAME?,#NAME?,#NAME?,#NAME?,,,
,,,,#NAME?,#NAME?,#NAME?,#NAME?,#NAME?,#NAME?,,,
,,,,#NAME?,#NAME?,#NAME?,#NAME?,#NAME?,#NAME?,,,
,,,,#NAME?,#NAME?,#NAME?,#NAME?,#NAME?,#NAME?,,,
,,,,#NAME?,#NAME?,#NAME?,#NAME?,#NAME?,#NAME?,,,
,,,,#NAME?,#NAME?,#NAME?,#NAME?,#NAME?,#NAME?,,,
,,,,#NAME?,#NAME?,#NAME?,#NAME?,#NAME?,#NAME?,,,
,,,,#NAME?,#NAME?,#NAME?,#NAME?,#NAME?,#NAME?,,,
,,,,#NAME?,#NAME?,#NAME?,#NAME?,#NAME?,#NAME?,,,
,,,,#NAME?,#NAME?,#NAME?,#NAME?,#NAME?,#NAME?,,,
,,,,#NAME?,#NAME?,#NAME?,#NAME?,#NAME?,#NAME?,,,
,,,,#NAME?,#NAME?,#NAME?,#NAME?,#NAME?,#NAME?,,,
,,,,#NAME?,#NAME?,#NAME?,#NAME?,#NAME?,#NAME?,,,
,,,,#NAME?,#NAME?,#NAME?,#NAME?,#NAME?,#NAME?,,,
,,,,#NAME?,#NAME?,#NAME?,#NAME?,#NAME?,#NAME?,,,
,,,,#NAME?,#NAME?,#NAME?,#NAME?,#NAME?,#NAME?,,,
,,,,#NAME?,#NAME?,#NAME?,#NAME?,#NAME?,#NAME?,,,
,,,,#NAME?,#NAME?,#NAME?,#NAME?,#NAME?,#NAME?,,,
,,,,#NAME?,#NAME?,#NAME?,#NAME?,#NAME?,#NAME?,,,
,,,,#NAME?,#NAME?,#NAME?,#NAME?,#NAME?,#NAME?,,,
,,,,#NAME?,#NAME?,#NAME?,#NAME?,#NAME?,#NAME?,,,
,,,,#NAME?,#NAME?,#NAME?,#NAME?,#NAME?,#NAME?,,,
,,,,#NAME?,#NAME?,#NAME?,#NAME?,#NAME?,#NAME?,,,
,,,,#NAME?,#NAME?,#NAME?,#NAME?,#NAME?,#NAME?,,,
,,,,#NAME?,#NAME?,#NAME?,#NAME?,#NAME?,#NAME?,,,
,,,,#NAME?,#NAME?,#NAME?,#NAME?,#NAME?,#NAME?,,,
,,,,#NAME?,#NAME?,#NAME?,#NAME?,#NAME?,#NAME?,,,
,,,,#NAME?,#NAME?,#NAME?,#NAME?,#NAME?,#NAME?,,,
,,,,#NAME?,#NAME?,#NAME?,#NAME?,#NAME?,#NAME?,,,
,,,,#NAME?,#NAME?,#NAME?,#NAME?,#NAME?,#NAME?,,,
,,,,#NAME?,#NAME?,#NAME?,#NAME?,#NAME?,#NAME?,,,
,,,,#NAME?,#NAME?,#NAME?,#NAME?,#NAME?,#NAME?,,,
,,,,#NAME?,#NAME?,#NAME?,#NAME?,#NAME?,#NAME?,,,
,,,,#NAME?,#NAME?,#NAME?,#NAME?,#NAME?,#NAME?,,,
,,,,#NAME?,#NAME?,#NAME?,#NAME?,#NAME?,#NAME?,,,
,,,,#NAME?,#NAME?,#NAME?,#NAME?,#NAME?,#NAME?,,,
,,,,#NAME?,#NAME?,#NAME?,#NAME?,#NAME?,#NAME?,,,
,,,,#NAME?,#NAME?,#NAME?,#NAME?,#NAME?,#NAME?,,,
,,,,#NAME?,#NAME?,#NAME?,#NAME?,#NAME?,#NAME?,,,
,,,,#NAME?,#NAME?,#NAME?,#NAME?,#NAME?,#NAME?,,,
,,,,#NAME?,#NAME?,#NAME?,#NAME?,#NAME?,#NAME?,,,
,,,,#NAME?,#NAME?,#NAME?,#NAME?,#NAME?,#NAME?,,,
,,,,#NAME?,#NAME?,#NAME?,#NAME?,#NAME?,#NAME?,,,
,,,,#NAME?,#NAME?,#NAME?,#NAME?,#NAME?,#NAME?,,,
,,,,#NAME?,#NAME?,#NAME?,#NAME?,#NAME?,#NAME?,,,
,,,,#NAME?,#NAME?,#NAME?,#NAME?,#NAME?,#NAME?,,,
,,,,#NAME?,#NAME?,#NAME?,#NAME?,#NAME?,#NAME?,,,
,,,,#NAME?,#NAME?,#NAME?,#NAME?,#NAME?,#NAME?,,,
,,,,#NAME?,#NAME?,#NAME?,#NAME?,#NAME?,#NAME?,,,
,,,,#NAME?,#NAME?,#NAME?,#NAME?,#NAME?,#NAME?,,,
,,,,#NAME?,#NAME?,#NAME?,#NAME?,#NAME?,#NAME?,,,
,,,,#NAME?,#NAME?,#NAME?,#NAME?,#NAME?,#NAME?,,,
,,,,#NAME?,#NAME?,#NAME?,#NAME?,#NAME?,#NAME?,,,
,,,,#NAME?,#NAME?,#NAME?,#NAME?,#NAME?,#NAME?,,,
,,,,#NAME?,#NAME?,#NAME?,#NAME?,#NAME?,#NAME?,,,
,,,,#NAME?,#NAME?,#NAME?,#NAME?,#NAME?,#NAME?,,,
,,,,#NAME?,#NAME?,#NAME?,#NAME?,#NAME?,#NAME?,,,
,,,,#NAME?,#NAME?,#NAME?,#NAME?,#NAME?,#NAME?,,,
,,,,#NAME?,#NAME?,#NAME?,#NAME?,#NAME?,#NAME?,,,
,,,,#NAME?,#NAME?,#NAME?,#NAME?,#NAME?,#NAME?,,,
,,,,#NAME?,#NAME?,#NAME?,#NAME?,#NAME?,#NAME?,,,
,,,,#NAME?,#NAME?,#NAME?,#NAME?,#NAME?,#NAME?,,,
,,,,#NAME?,#NAME?,#NAME?,#NAME?,#NAME?,#NAME?,,,
,,,,#NAME?,#NAME?,#NAME?,#NAME?,#NAME?,#NAME?,,,
,,,,#NAME?,#NAME?,#NAME?,#NAME?,#NAME?,#NAME?,,,
,,,,#NAME?,#NAME?,#NAME?,#NAME?,#NAME?,#NAME?,,,
,,,,#NAME?,#NAME?,#NAME?,#NAME?,#NAME?,#NAME?,,,
,,,,#NAME?,#NAME?,#NAME?,#NAME?,#NAME?,#NAME?,,,
,,,,#NAME?,#NAME?,#NAME?,#NAME?,#NAME?,#NAME?,,,
,,,,#NAME?,#NAME?,#NAME?,#NAME?,#NAME?,#NAME?,,,
,,,,#NAME?,#NAME?,#NAME?,#NAME?,#NAME?,#NAME?,,,
,,,,#NAME?,#NAME?,#NAME?,#NAME?,#NAME?,#NAME?,,,
,,,,#NAME?,#NAME?,#NAME?,#NAME?,#NAME?,#NAME?,,,
,,,,#NAME?,#NAME?,#NAME?,#NAME?,#NAME?,#NAME?,,,
,,,,#NAME?,#NAME?,#NAME?,#NAME?,#NAME?,#NAME?,,,
,,,,#NAME?,#NAME?,#NAME?,#NAME?,#NAME?,#NAME?,,,
,,,,#NAME?,#NAME?,#NAME?,#NAME?,#NAME?,#NAME?,,,
,,,,#NAME?,#NAME?,#NAME?,#NAME?,#NAME?,#NAME?,,,
,,,,#NAME?,#NAME?,#NAME?,#NAME?,#NAME?,#NAME?,,,
,,,,#NAME?,#NAME?,#NAME?,#NAME?,#NAME?,#NAME?,,,
,,,,#NAME?,#NAME?,#NAME?,#NAME?,#NAME?,#NAME?,,,
,,,,#NAME?,#NAME?,#NAME?,#NAME?,#NAME?,#NAME?,,,
,,,,#NAME?,#NAME?,#NAME?,#NAME?,#NAME?,#NAME?,,,
,,,,#NAME?,#NAME?,#NAME?,#NAME?,#NAME?,#NAME?,,,
,,,,#NAME?,#NAME?,#NAME?,#NAME?,#NAME?,#NAME?,,,
,,,,#NAME?,#NAME?,#NAME?,#NAME?,#NAME?,#NAME?,,,
,,,,#NAME?,#NAME?,#NAME?,#NAME?,#NAME?,#NAME?,,,
,,,,#NAME?,#NAME?,#NAME?,#NAME?,#NAME?,#NAME?,,,
,,,,#NAME?,#NAME?,#NAME?,#NAME?,#NAME?,#NAME?,,,
,,,,#NAME?,#NAME?,#NAME?,#NAME?,#NAME?,#NAME?,,,
,,,,#NAME?,#NAME?,#NAME?,#NAME?,#NAME?,#NAME?,,,
,,,,#NAME?,#NAME?,#NAME?,#NAME?,#NAME?,#NAME?,,,
,,,,#NAME?,#NAME?,#NAME?,#NAME?,#NAME?,#NAME?,,,
,,,,#NAME?,#NAME?,#NAME?,#NAME?,#NAME?,#NAME?,,,
,,,,#NAME?,#NAME?,#NAME?,#NAME?,#NAME?,#NAME?,,,
,,,,#NAME?,#NAME?,#NAME?,#NAME?,#NAME?,#NAME?,,,
,,,,#NAME?,#NAME?,#NAME?,#NAME?,#NAME?,#NAME?,,,
,,,,#NAME?,#NAME?,#NAME?,#NAME?,#NAME?,#NAME?,,,
,,,,#NAME?,#NAME?,#NAME?,#NAME?,#NAME?,#NAME?,,,
,,,,#NAME?,#NAME?,#NAME?,#NAME?,#NAME?,#NAME?,,,
,,,,#NAME?,#NAME?,#NAME?,#NAME?,#NAME?,#NAME?,,,
,,,,#NAME?,#NAME?,#NAME?,#NAME?,#NAME?,#NAME?,,,
,,,,#NAME?,#NAME?,#NAME?,#NAME?,#NAME?,#NAME?,,,
,,,,#NAME?,#NAME?,#NAME?,#NAME?,#NAME?,#NAME?,,,
,,,,#NAME?,#NAME?,#NAME?,#NAME?,#NAME?,#NAME?,,,
,,,,#NAME?,#NAME?,#NAME?,#NAME?,#NAME?,#NAME?,,,
,,,,#NAME?,#NAME?,#NAME?,#NAME?,#NAME?,#NAME?,,,
,,,,#NAME?,#NAME?,#NAME?,#NAME?,#NAME?,#NAME?,,,
,,,,#NAME?,#NAME?,#NAME?,#NAME?,#NAME?,#NAME?,,,
,,,,#NAME?,#NAME?,#NAME?,#NAME?,#NAME?,#NAME?,,,
,,,,#NAME?,#NAME?,#NAME?,#NAME?,#NAME?,#NAME?,,,
,,,,#NAME?,#NAME?,#NAME?,#NAME?,#NAME?,#NAME?,,,
,,,,#NAME?,#NAME?,#NAME?,#NAME?,#NAME?,#NAME?,,,
,,,,#NAME?,#NAME?,#NAME?,#NAME?,#NAME?,#NAME?,,,
,,,,#NAME?,#NAME?,#NAME?,#NAME?,#NAME?,#NAME?,,,
,,,,#NAME?,#NAME?,#NAME?,#NAME?,#NAME?,#NAME?,,,
,,,,#NAME?,#NAME?,#NAME?,#NAME?,#NAME?,#NAME?,,,
,,,,#NAME?,#NAME?,#NAME?,#NAME?,#NAME?,#NAME?,,,
,,,,#NAME?,#NAME?,#NAME?,#NAME?,#NAME?,#NAME?,,,
,,,,#NAME?,#NAME?,#NAME?,#NAME?,#NAME?,#NAME?,,,
,,,,#NAME?,#NAME?,#NAME?,#NAME?,#NAME?,#NAME?,,,
,,,,#NAME?,#NAME?,#NAME?,#NAME?,#NAME?,#NAME?,,,
,,,,#NAME?,#NAME?,#NAME?,#NAME?,#NAME?,#NAME?,,,
,,,,#NAME?,#NAME?,#NAME?,#NAME?,#NAME?,#NAME?,,,
,,,,#NAME?,#NAME?,#NAME?,#NAME?,#NAME?,#NAME?,,,
,,,,#NAME?,#NAME?,#NAME?,#NAME?,#NAME?,#NAME?,,,
,,,,#NAME?,#NAME?,#NAME?,#NAME?,#NAME?,#NAME?,,,
,,,,#NAME?,#NAME?,#NAME?,#NAME?,#NAME?,#NAME?,,,
,,,,#NAME?,#NAME?,#NAME?,#NAME?,#NAME?,#NAME?,,,
,,,,#NAME?,#NAME?,#NAME?,#NAME?,#NAME?,#NAME?,,,
,,,,#NAME?,#NAME?,#NAME?,#NAME?,#NAME?,#NAME?,,,
,,,,#NAME?,#NAME?,#NAME?,#NAME?,#NAME?,#NAME?,,,
,,,,#NAME?,#NAME?,#NAME?,#NAME?,#NAME?,#NAME?,,,
,,,,#NAME?,#NAME?,#NAME?,#NAME?,#NAME?,#NAME?,,,
,,,,#NAME?,#NAME?,#NAME?,#NAME?,#NAME?,#NAME?,,,
,,,,#NAME?,#NAME?,#NAME?,#NAME?,#NAME?,#NAME?,,,
,,,,#NAME?,#NAME?,#NAME?,#NAME?,#NAME?,#NAME?,,,
,,,,#NAME?,#NAME?,#NAME?,#NAME?,#NAME?,#NAME?,,,
,,,,#NAME?,#NAME?,#NAME?,#NAME?,#NAME?,#NAME?,,,
,,,,#NAME?,#NAME?,#NAME?,#NAME?,#NAME?,#NAME?,,,
,,,,#NAME?,#NAME?,#NAME?,#NAME?,#NAME?,#NAME?,,,
,,,,#NAME?,#NAME?,#NAME?,#NAME?,#NAME?,#NAME?,,,
,,,,#NAME?,#NAME?,#NAME?,#NAME?,#NAME?,#NAME?,,,
,,,,#NAME?,#NAME?,#NAME?,#NAME?,#NAME?,#NAME?,,,
,,,,#NAME?,#NAME?,#NAME?,#NAME?,#NAME?,#NAME?,,,
,,,,#NAME?,#NAME?,#NAME?,#NAME?,#NAME?,#NAME?,,,
,,,,#NAME?,#NAME?,#NAME?,#NAME?,#NAME?,#NAME?,,,
,,,,#NAME?,#NAME?,#NAME?,#NAME?,#NAME?,#NAME?,,,
,,,,#NAME?,#NAME?,#NAME?,#NAME?,#NAME?,#NAME?,,,
,,,,#NAME?,#NAME?,#NAME?,#NAME?,#NAME?,#NAME?,,,
,,,,#NAME?,#NAME?,#NAME?,#NAME?,#NAME?,#NAME?,,,
,,,,#NAME?,#NAME?,#NAME?,#NAME?,#NAME?,#NAME?,,,
,,,,#NAME?,#NAME?,#NAME?,#NAME?,#NAME?,#NAME?,,,
,,,,#NAME?,#NAME?,#NAME?,#NAME?,#NAME?,#NAME?,,,
,,,,#NAME?,#NAME?,#NAME?,#NAME?,#NAME?,#NAME?,,,
,,,,#NAME?,#NAME?,#NAME?,#NAME?,#NAME?,#NAME?,,,
,,,,#NAME?,#NAME?,#NAME?,#NAME?,#NAME?,#NAME?,,,
,,,,#NAME?,#NAME?,#NAME?,#NAME?,#NAME?,#NAME?,,,
,,,,#NAME?,#NAME?,#NAME?,#NAME?,#NAME?,#NAME?,,,
,,,,#NAME?,#NAME?,#NAME?,#NAME?,#NAME?,#NAME?,,,
,,,,#NAME?,#NAME?,#NAME?,#NAME?,#NAME?,#NAME?,,,
,,,,#NAME?,#NAME?,#NAME?,#NAME?,#NAME?,#NAME?,,,
,,,,#NAME?,#NAME?,#NAME?,#NAME?,#NAME?,#NAME?,,,
,,,,#NAME?,#NAME?,#NAME?,#NAME?,#NAME?,#NAME?,,,
,,,,#NAME?,#NAME?,#NAME?,#NAME?,#NAME?,#NAME?,,,
,,,,#NAME?,#NAME?,#NAME?,#NAME?,#NAME?,#NAME?,,,
,,,,#NAME?,#NAME?,#NAME?,#NAME?,#NAME?,#NAME?,,,
,,,,#NAME?,#NAME?,#NAME?,#NAME?,#NAME?,#NAME?,,,
,,,,#NAME?,#NAME?,#NAME?,#NAME?,#NAME?,#NAME?,,,
,,,,#NAME?,#NAME?,#NAME?,#NAME?,#NAME?,#NAME?,,,
,,,,#NAME?,#NAME?,#NAME?,#NAME?,#NAME?,#NAME?,,,
,,,,#NAME?,#NAME?,#NAME?,#NAME?,#NAME?,#NAME?,,,
,,,,#NAME?,#NAME?,#NAME?,#NAME?,#NAME?,#NAME?,,,
,,,,#NAME?,#NAME?,#NAME?,#NAME?,#NAME?,#NAME?,,,
,,,,#NAME?,#NAME?,#NAME?,#NAME?,#NAME?,#NAME?,,,
,,,,#NAME?,#NAME?,#NAME?,#NAME?,#NAME?,#NAME?,,,
,,,,#NAME?,#NAME?,#NAME?,#NAME?,#NAME?,#NAME?,,,
,,,,#NAME?,#NAME?,#NAME?,#NAME?,#NAME?,#NAME?,,,
,,,,#NAME?,#NAME?,#NAME?,#NAME?,#NAME?,#NAME?,,,
,,,,#NAME?,#NAME?,#NAME?,#NAME?,#NAME?,#NAME?,,,
,,,,#NAME?,#NAME?,#NAME?,#NAME?,#NAME?,#NAME?,,,
,,,,#NAME?,#NAME?,#NAME?,#NAME?,#NAME?,#NAME?,,,
,,,,#NAME?,#NAME?,#NAME?,#NAME?,#NAME?,#NAME?,,,
,,,,#NAME?,#NAME?,#NAME?,#NAME?,#NAME?,#NAME?,,,
,,,,#NAME?,#NAME?,#NAME?,#NAME?,#NAME?,#NAME?,,,
,,,,#NAME?,#NAME?,#NAME?,#NAME?,#NAME?,#NAME?,,,
,,,,#NAME?,#NAME?,#NAME?,#NAME?,#NAME?,#NAME?,,,
,,,,#NAME?,#NAME?,#NAME?,#NAME?,#NAME?,#NAME?,,,
,,,,#NAME?,#NAME?,#NAME?,#NAME?,#NAME?,#NAME?,,,
,,,,#NAME?,#NAME?,#NAME?,#NAME?,#NAME?,#NAME?,,,
,,,,#NAME?,#NAME?,#NAME?,#NAME?,#NAME?,#NAME?,,,
,,,,#NAME?,#NAME?,#NAME?,#NAME?,#NAME?,#NAME?,,,
,,,,#NAME?,#NAME?,#NAME?,#NAME?,#NAME?,#NAME?,,,
,,,,#NAME?,#NAME?,#NAME?,#NAME?,#NAME?,#NAME?,,,
,,,,#NAME?,#NAME?,#NAME?,#NAME?,#NAME?,#NAME?,,,
,,,,#NAME?,#NAME?,#NAME?,#NAME?,#NAME?,#NAME?,,,
,,,,#NAME?,#NAME?,#NAME?,#NAME?,#NAME?,#NAME?,,,
,,,,#NAME?,#NAME?,#NAME?,#NAME?,#NAME?,#NAME?,,,
,,,,#NAME?,#NAME?,#NAME?,#NAME?,#NAME?,#NAME?,,,
,,,,#NAME?,#NAME?,#NAME?,#NAME?,#NAME?,#NAME?,,,
,,,,#NAME?,#NAME?,#NAME?,#NAME?,#NAME?,#NAME?,,,
,,,,#NAME?,#NAME?,#NAME?,#NAME?,#NAME?,#NAME?,,,
,,,,#NAME?,#NAME?,#NAME?,#NAME?,#NAME?,#NAME?,,,
,,,,#NAME?,#NAME?,#NAME?,#NAME?,#NAME?,#NAME?,,,
,,,,#NAME?,#NAME?,#NAME?,#NAME?,#NAME?,#NAME?,,,
,,,,#NAME?,#NAME?,#NAME?,#NAME?,#NAME?,#NAME?,,,
,,,,#NAME?,#NAME?,#NAME?,#NAME?,#NAME?,#NAME?,,,
,,,,#NAME?,#NAME?,#NAME?,#NAME?,#NAME?,#NAME?,,,
,,,,#NAME?,#NAME?,#NAME?,#NAME?,#NAME?,#NAME?,,,
,,,,#NAME?,#NAME?,#NAME?,#NAME?,#NAME?,#NAME?,,,
,,,,#NAME?,#NAME?,#NAME?,#NAME?,#NAME?,#NAME?,,,
,,,,#NAME?,#NAME?,#NAME?,#NAME?,#NAME?,#NAME?,,,
,,,,#NAME?,#NAME?,#NAME?,#NAME?,#NAME?,#NAME?,,,
,,,,#NAME?,#NAME?,#NAME?,#NAME?,#NAME?,#NAME?,,,
,,,,#NAME?,#NAME?,#NAME?,#NAME?,#NAME?,#NAME?,,,
,,,,#NAME?,#NAME?,#NAME?,#NAME?,#NAME?,#NAME?,,,
,,,,#NAME?,#NAME?,#NAME?,#NAME?,#NAME?,#NAME?,,,
,,,,#NAME?,#NAME?,#NAME?,#NAME?,#NAME?,#NAME?,,,
,,,,#NAME?,#NAME?,#NAME?,#NAME?,#NAME?,#NAME?,,,
,,,,#NAME?,#NAME?,#NAME?,#NAME?,#NAME?,#NAME?,,,
,,,,#NAME?,#NAME?,#NAME?,#NAME?,#NAME?,#NAME?,,,
,,,,#NAME?,#NAME?,#NAME?,#NAME?,#NAME?,#NAME?,,,
,,,,#NAME?,#NAME?,#NAME?,#NAME?,#NAME?,#NAME?,,,
,,,,#NAME?,#NAME?,#NAME?,#NAME?,#NAME?,#NAME?,,,
,,,,#NAME?,#NAME?,#NAME?,#NAME?,#NAME?,#NAME?,,,
,,,,#NAME?,#NAME?,#NAME?,#NAME?,#NAME?,#NAME?,,,
,,,,#NAME?,#NAME?,#NAME?,#NAME?,#NAME?,#NAME?,,,
,,,,#NAME?,#NAME?,#NAME?,#NAME?,#NAME?,#NAME?,,,
,,,,#NAME?,#NAME?,#NAME?,#NAME?,#NAME?,#NAME?,,,
,,,,#NAME?,#NAME?,#NAME?,#NAME?,#NAME?,#NAME?,,,
,,,,#NAME?,#NAME?,#NAME?,#NAME?,#NAME?,#NAME?,,,
,,,,#NAME?,#NAME?,#NAME?,#NAME?,#NAME?,#NAME?,,,
,,,,#NAME?,#NAME?,#NAME?,#NAME?,#NAME?,#NAME?,,,
,,,,#NAME?,#NAME?,#NAME?,#NAME?,#NAME?,#NAME?,,,
,,,,#NAME?,#NAME?,#NAME?,#NAME?,#NAME?,#NAME?,,,
,,,,#NAME?,#NAME?,#NAME?,#NAME?,#NAME?,#NAME?,,,
,,,,#NAME?,#NAME?,#NAME?,#NAME?,#NAME?,#NAME?,,,
,,,,#NAME?,#NAME?,#NAME?,#NAME?,#NAME?,#NAME?,,,
,,,,#NAME?,#NAME?,#NAME?,#NAME?,#NAME?,#NAME?,,,
,,,,#NAME?,#NAME?,#NAME?,#NAME?,#NAME?,#NAME?,,,
,,,,#NAME?,#NAME?,#NAME?,#NAME?,#NAME?,#NAME?,,,
,,,,#NAME?,#NAME?,#NAME?,#NAME?,#NAME?,#NAME?,,,
,,,,#NAME?,#NAME?,#NAME?,#NAME?,#NAME?,#NAME?,,,
,,,,#NAME?,#NAME?,#NAME?,#NAME?,#NAME?,#NAME?,,,
,,,,#NAME?,#NAME?,#NAME?,#NAME?,#NAME?,#NAME?,,,
,,,,#NAME?,#NAME?,#NAME?,#NAME?,#NAME?,#NAME?,,,
,,,,#NAME?,#NAME?,#NAME?,#NAME?,#NAME?,#NAME?,,,
,,,,#NAME?,#NAME?,#NAME?,#NAME?,#NAME?,#NAME?,,,
,,,,#NAME?,#NAME?,#NAME?,#NAME?,#NAME?,#NAME?,,,
,,,,#NAME?,#NAME?,#NAME?,#NAME?,#NAME?,#NAME?,,,
,,,,#NAME?,#NAME?,#NAME?,#NAME?,#NAME?,#NAME?,,,
,,,,#NAME?,#NAME?,#NAME?,#NAME?,#NAME?,#NAME?,,,
,,,,#NAME?,#NAME?,#NAME?,#NAME?,#NAME?,#NAME?,,,
,,,,#NAME?,#NAME?,#NAME?,#NAME?,#NAME?,#NAME?,,,
,,,,#NAME?,#NAME?,#NAME?,#NAME?,#NAME?,#NAME?,,,
,,,,#NAME?,#NAME?,#NAME?,#NAME?,#NAME?,#NAME?,,,
,,,,#NAME?,#NAME?,#NAME?,#NAME?,#NAME?,#NAME?,,,
,,,,#NAME?,#NAME?,#NAME?,#NAME?,#NAME?,#NAME?,,,
,,,,#NAME?,#NAME?,#NAME?,#NAME?,#NAME?,#NAME?,,,
,,,,#NAME?,#NAME?,#NAME?,#NAME?,#NAME?,#NAME?,,,
,,,,#NAME?,#NAME?,#NAME?,#NAME?,#NAME?,#NAME?,,,
,,,,#NAME?,#NAME?,#NAME?,#NAME?,#NAME?,#NAME?,,,
,,,,#NAME?,#NAME?,#NAME?,#NAME?,#NAME?,#NAME?,,,
,,,,#NAME?,#NAME?,#NAME?,#NAME?,#NAME?,#NAME?,,,
,,,,#NAME?,#NAME?,#NAME?,#NAME?,#NAME?,#NAME?,,,
,,,,#NAME?,#NAME?,#NAME?,#NAME?,#NAME?,#NAME?,,,
,,,,#NAME?,#NAME?,#NAME?,#NAME?,#NAME?,#NAME?,,,
,,,,#NAME?,#NAME?,#NAME?,#NAME?,#NAME?,#NAME?,,,
,,,,#NAME?,#NAME?,#NAME?,#NAME?,#NAME?,#NAME?,,,
,,,,#NAME?,#NAME?,#NAME?,#NAME?,#NAME?,#NAME?,,,
,,,,#NAME?,#NAME?,#NAME?,#NAME?,#NAME?,#NAME?,,,
,,,,#NAME?,#NAME?,#NAME?,#NAME?,#NAME?,#NAME?,,,
,,,,#NAME?,#NAME?,#NAME?,#NAME?,#NAME?,#NAME?,,,
,,,,#NAME?,#NAME?,#NAME?,#NAME?,#NAME?,#NAME?,,,
,,,,#NAME?,#NAME?,#NAME?,#NAME?,#NAME?,#NAME?,,,
,,,,#NAME?,#NAME?,#NAME?,#NAME?,#NAME?,#NAME?,,,
,,,,#NAME?,#NAME?,#NAME?,#NAME?,#NAME?,#NAME?,,,
,,,,#NAME?,#NAME?,#NAME?,#NAME?,#NAME?,#NAME?,,,
,,,,#NAME?,#NAME?,#NAME?,#NAME?,#NAME?,#NAME?,,,
,,,,#NAME?,#NAME?,#NAME?,#NAME?,#NAME?,#NAME?,,,
,,,,#NAME?,#NAME?,#NAME?,#NAME?,#NAME?,#NAME?,,,
,,,,#NAME?,#NAME?,#NAME?,#NAME?,#NAME?,#NAME?,,,
,,,,#NAME?,#NAME?,#NAME?,#NAME?,#NAME?,#NAME?,,,
,,,,#NAME?,#NAME?,#NAME?,#NAME?,#NAME?,#NAME?,,,
,,,,#NAME?,#NAME?,#NAME?,#NAME?,#NAME?,#NAME?,,,
,,,,#NAME?,#NAME?,#NAME?,#NAME?,#NAME?,#NAME?,,,
,,,,#NAME?,#NAME?,#NAME?,#NAME?,#NAME?,#NAME?,,,
,,,,#NAME?,#NAME?,#NAME?,#NAME?,#NAME?,#NAME?,,,
,,,,#NAME?,#NAME?,#NAME?,#NAME?,#NAME?,#NAME?,,,
,,,,#NAME?,#NAME?,#NAME?,#NAME?,#NAME?,#NAME?,,,
,,,,#NAME?,#NAME?,#NAME?,#NAME?,#NAME?,#NAME?,,,
,,,,#NAME?,#NAME?,#NAME?,#NAME?,#NAME?,#NAME?,,,
,,,,#NAME?,#NAME?,#NAME?,#NAME?,#NAME?,#NAME?,,,
,,,,#NAME?,#NAME?,#NAME?,#NAME?,#NAME?,#NAME?,,,
,,,,#NAME?,#NAME?,#NAME?,#NAME?,#NAME?,#NAME?,,,
,,,,#NAME?,#NAME?,#NAME?,#NAME?,#NAME?,#NAME?,,,
,,,,#NAME?,#NAME?,#NAME?,#NAME?,#NAME?,#NAME?,,,
,,,,#NAME?,#NAME?,#NAME?,#NAME?,#NAME?,#NAME?,,,
,,,,#NAME?,#NAME?,#NAME?,#NAME?,#NAME?,#NAME?,,,
,,,,#NAME?,#NAME?,#NAME?,#NAME?,#NAME?,#NAME?,,,
,,,,#NAME?,#NAME?,#NAME?,#NAME?,#NAME?,#NAME?,,,
,,,,#NAME?,#NAME?,#NAME?,#NAME?,#NAME?,#NAME?,,,
,,,,#NAME?,#NAME?,#NAME?,#NAME?,#NAME?,#NAME?,,,
,,,,#NAME?,#NAME?,#NAME?,#NAME?,#NAME?,#NAME?,,,
,,,,#NAME?,#NAME?,#NAME?,#NAME?,#NAME?,#NAME?,,,
,,,,#NAME?,#NAME?,#NAME?,#NAME?,#NAME?,#NAME?,,,
,,,,#NAME?,#NAME?,#NAME?,#NAME?,#NAME?,#NAME?,,,
,,,,#NAME?,#NAME?,#NAME?,#NAME?,#NAME?,#NAME?,,,
,,,,#NAME?,#NAME?,#NAME?,#NAME?,#NAME?,#NAME?,,,
,,,,#NAME?,#NAME?,#NAME?,#NAME?,#NAME?,#NAME?,,,
,,,,#NAME?,#NAME?,#NAME?,#NAME?,#NAME?,#NAME?,,,
,,,,#NAME?,#NAME?,#NAME?,#NAME?,#NAME?,#NAME?,,,
,,,,#NAME?,#NAME?,#NAME?,#NAME?,#NAME?,#NAME?,,,
,,,,#NAME?,#NAME?,#NAME?,#NAME?,#NAME?,#NAME?,,,
,,,,#NAME?,#NAME?,#NAME?,#NAME?,#NAME?,#NAME?,,,
,,,,#NAME?,#NAME?,#NAME?,#NAME?,#NAME?,#NAME?,,,
,,,,#NAME?,#NAME?,#NAME?,#NAME?,#NAME?,#NAME?,,,
,,,,#NAME?,#NAME?,#NAME?,#NAME?,#NAME?,#NAME?,,,
,,,,#NAME?,#NAME?,#NAME?,#NAME?,#NAME?,#NAME?,,,
,,,,#NAME?,#NAME?,#NAME?,#NAME?,#NAME?,#NAME?,,,
,,,,#NAME?,#NAME?,#NAME?,#NAME?,#NAME?,#NAME?,,,
,,,,#NAME?,#NAME?,#NAME?,#NAME?,#NAME?,#NAME?,,,
,,,,#NAME?,#NAME?,#NAME?,#NAME?,#NAME?,#NAME?,,,
,,,,#NAME?,#NAME?,#NAME?,#NAME?,#NAME?,#NAME?,,,
,,,,#NAME?,#NAME?,#NAME?,#NAME?,#NAME?,#NAME?,,,
,,,,#NAME?,#NAME?,#NAME?,#NAME?,#NAME?,#NAME?,,,
,,,,#NAME?,#NAME?,#NAME?,#NAME?,#NAME?,#NAME?,,,
,,,,#NAME?,#NAME?,#NAME?,#NAME?,#NAME?,#NAME?,,,
,,,,#NAME?,#NAME?,#NAME?,#NAME?,#NAME?,#NAME?,,,
,,,,#NAME?,#NAME?,#NAME?,#NAME?,#NAME?,#NAME?,,,
,,,,#NAME?,#NAME?,#NAME?,#NAME?,#NAME?,#NAME?,,,
,,,,#NAME?,#NAME?,#NAME?,#NAME?,#NAME?,#NAME?,,,
,,,,#NAME?,#NAME?,#NAME?,#NAME?,#NAME?,#NAME?,,,
,,,,#NAME?,#NAME?,#NAME?,#NAME?,#NAME?,#NAME?,,,
,,,,#NAME?,#NAME?,#NAME?,#NAME?,#NAME?,#NAME?,,,
,,,,#NAME?,#NAME?,#NAME?,#NAME?,#NAME?,#NAME?,,,
,,,,#NAME?,#NAME?,#NAME?,#NAME?,#NAME?,#NAME?,,,
,,,,#NAME?,#NAME?,#NAME?,#NAME?,#NAME?,#NAME?,,,
,,,,#NAME?,#NAME?,#NAME?,#NAME?,#NAME?,#NAME?,,,
,,,,#NAME?,#NAME?,#NAME?,#NAME?,#NAME?,#NAME?,,,
,,,,#NAME?,#NAME?,#NAME?,#NAME?,#NAME?,#NAME?,,,
,,,,#NAME?,#NAME?,#NAME?,#NAME?,#NAME?,#NAME?,,,
,,,,#NAME?,#NAME?,#NAME?,#NAME?,#NAME?,#NAME?,,,
,,,,#NAME?,#NAME?,#NAME?,#NAME?,#NAME?,#NAME?,,,
,,,,#NAME?,#NAME?,#NAME?,#NAME?,#NAME?,#NAME?,,,
,,,,#NAME?,#NAME?,#NAME?,#NAME?,#NAME?,#NAME?,,,
,,,,#NAME?,#NAME?,#NAME?,#NAME?,#NAME?,#NAME?,,,
,,,,#NAME?,#NAME?,#NAME?,#NAME?,#NAME?,#NAME?,,,
,,,,#NAME?,#NAME?,#NAME?,#NAME?,#NAME?,#NAME?,,,
,,,,#NAME?,#NAME?,#NAME?,#NAME?,#NAME?,#NAME?,,,
,,,,#NAME?,#NAME?,#NAME?,#NAME?,#NAME?,#NAME?,,,
,,,,#NAME?,#NAME?,#NAME?,#NAME?,#NAME?,#NAME?,,,
,,,,#NAME?,#NAME?,#NAME?,#NAME?,#NAME?,#NAME?,,,
,,,,#NAME?,#NAME?,#NAME?,#NAME?,#NAME?,#NAME?,,,
,,,,#NAME?,#NAME?,#NAME?,#NAME?,#NAME?,#NAME?,,,
,,,,#NAME?,#NAME?,#NAME?,#NAME?,#NAME?,#NAME?,,,
,,,,#NAME?,#NAME?,#NAME?,#NAME?,#NAME?,#NAME?,,,
,,,,#NAME?,#NAME?,#NAME?,#NAME?,#NAME?,#NAME?,,,
,,,,#NAME?,#NAME?,#NAME?,#NAME?,#NAME?,#NAME?,,,
,,,,#NAME?,#NAME?,#NAME?,#NAME?,#NAME?,#NAME?,,,
,,,,#NAME?,#NAME?,#NAME?,#NAME?,#NAME?,#NAME?,,,
,,,,#NAME?,#NAME?,#NAME?,#NAME?,#NAME?,#NAME?,,,
,,,,#NAME?,#NAME?,#NAME?,#NAME?,#NAME?,#NAME?,,,
,,,,#NAME?,#NAME?,#NAME?,#NAME?,#NAME?,#NAME?,,,
,,,,#NAME?,#NAME?,#NAME?,#NAME?,#NAME?,#NAME?,,,
,,,,#NAME?,#NAME?,#NAME?,#NAME?,#NAME?,#NAME?,,,
,,,,#NAME?,#NAME?,#NAME?,#NAME?,#NAME?,#NAME?,,,
,,,,#NAME?,#NAME?,#NAME?,#NAME?,#NAME?,#NAME?,,,
,,,,#NAME?,#NAME?,#NAME?,#NAME?,#NAME?,#NAME?,,,
,,,,#NAME?,#NAME?,#NAME?,#NAME?,#NAME?,#NAME?,,,
,,,,#NAME?,#NAME?,#NAME?,#NAME?,#NAME?,#NAME?,,,
,,,,#NAME?,#NAME?,#NAME?,#NAME?,#NAME?,#NAME?,,,
,,,,#NAME?,#NAME?,#NAME?,#NAME?,#NAME?,#NAME?,,,
,,,,#NAME?,#NAME?,#NAME?,#NAME?,#NAME?,#NAME?,,,
,,,,#NAME?,#NAME?,#NAME?,#NAME?,#NAME?,#NAME?,,,
,,,,#NAME?,#NAME?,#NAME?,#NAME?,#NAME?,#NAME?,,,
,,,,#NAME?,#NAME?,#NAME?,#NAME?,#NAME?,#NAME?,,,
,,,,#NAME?,#NAME?,#NAME?,#NAME?,#NAME?,#NAME?,,,
,,,,#NAME?,#NAME?,#NAME?,#NAME?,#NAME?,#NAME?,,,
,,,,#NAME?,#NAME?,#NAME?,#NAME?,#NAME?,#NAME?,,,
,,,,#NAME?,#NAME?,#NAME?,#NAME?,#NAME?,#NAME?,,,
,,,,#NAME?,#NAME?,#NAME?,#NAME?,#NAME?,#NAME?,,,
,,,,#NAME?,#NAME?,#NAME?,#NAME?,#NAME?,#NAME?,,,
,,,,#NAME?,#NAME?,#NAME?,#NAME?,#NAME?,#NAME?,,,
,,,,#NAME?,#NAME?,#NAME?,#NAME?,#NAME?,#NAME?,,,
,,,,#NAME?,#NAME?,#NAME?,#NAME?,#NAME?,#NAME?,,,
,,,,#NAME?,#NAME?,#NAME?,#NAME?,#NAME?,#NAME?,,,
,,,,#NAME?,#NAME?,#NAME?,#NAME?,#NAME?,#NAME?,,,
,,,,#NAME?,#NAME?,#NAME?,#NAME?,#NAME?,#NAME?,,,
,,,,#NAME?,#NAME?,#NAME?,#NAME?,#NAME?,#NAME?,,,
,,,,#NAME?,#NAME?,#NAME?,#NAME?,#NAME?,#NAME?,,,
,,,,#NAME?,#NAME?,#NAME?,#NAME?,#NAME?,#NAME?,,,
,,,,#NAME?,#NAME?,#NAME?,#NAME?,#NAME?,#NAME?,,,
,,,,#NAME?,#NAME?,#NAME?,#NAME?,#NAME?,#NAME?,,,
,,,,#NAME?,#NAME?,#NAME?,#NAME?,#NAME?,#NAME?,,,
,,,,#NAME?,#NAME?,#NAME?,#NAME?,#NAME?,#NAME?,,,
,,,,#NAME?,#NAME?,#NAME?,#NAME?,#NAME?,#NAME?,,,
,,,,#NAME?,#NAME?,#NAME?,#NAME?,#NAME?,#NAME?,,,
,,,,#NAME?,#NAME?,#NAME?,#NAME?,#NAME?,#NAME?,,,
,,,,#NAME?,#NAME?,#NAME?,#NAME?,#NAME?,#NAME?,,,
,,,,#NAME?,#NAME?,#NAME?,#NAME?,#NAME?,#NAME?,,,
,,,,#NAME?,#NAME?,#NAME?,#NAME?,#NAME?,#NAME?,,,
,,,,#NAME?,#NAME?,#NAME?,#NAME?,#NAME?,#NAME?,,,
,,,,#NAME?,#NAME?,#NAME?,#NAME?,#NAME?,#NAME?,,,
,,,,#NAME?,#NAME?,#NAME?,#NAME?,#NAME?,#NAME?,,,
,,,,#NAME?,#NAME?,#NAME?,#NAME?,#NAME?,#NAME?,,,
,,,,#NAME?,#NAME?,#NAME?,#NAME?,#NAME?,#NAME?,,,
,,,,#NAME?,#NAME?,#NAME?,#NAME?,#NAME?,#NAME?,,,
,,,,#NAME?,#NAME?,#NAME?,#NAME?,#NAME?,#NAME?,,,
,,,,#NAME?,#NAME?,#NAME?,#NAME?,#NAME?,#NAME?,,,
,,,,#NAME?,#NAME?,#NAME?,#NAME?,#NAME?,#NAME?,,,
,,,,#NAME?,#NAME?,#NAME?,#NAME?,#NAME?,#NAME?,,,
,,,,#NAME?,#NAME?,#NAME?,#NAME?,#NAME?,#NAME?,,,
,,,,#NAME?,#NAME?,#NAME?,#NAME?,#NAME?,#NAME?,,,
,,,,#NAME?,#NAME?,#NAME?,#NAME?,#NAME?,#NAME?,,,
,,,,#NAME?,#NAME?,#NAME?,#NAME?,#NAME?,#NAME?,,,
,,,,#NAME?,#NAME?,#NAME?,#NAME?,#NAME?,#NAME?,,,
,,,,#NAME?,#NAME?,#NAME?,#NAME?,#NAME?,#NAME?,,,
,,,,#NAME?,#NAME?,#NAME?,#NAME?,#NAME?,#NAME?,,,
,,,,#NAME?,#NAME?,#NAME?,#NAME?,#NAME?,#NAME?,,,
,,,,#NAME?,#NAME?,#NAME?,#NAME?,#NAME?,#NAME?,,,
,,,,#NAME?,#NAME?,#NAME?,#NAME?,#NAME?,#NAME?,,,
,,,,#NAME?,#NAME?,#NAME?,#NAME?,#NAME?,#NAME?,,,
,,,,#NAME?,#NAME?,#NAME?,#NAME?,#NAME?,#NAME?,,,
,,,,#NAME?,#NAME?,#NAME?,#NAME?,#NAME?,#NAME?,,,
,,,,#NAME?,#NAME?,#NAME?,#NAME?,#NAME?,#NAME?,,,
,,,,#NAME?,#NAME?,#NAME?,#NAME?,#NAME?,#NAME?,,,
,,,,#NAME?,#NAME?,#NAME?,#NAME?,#NAME?,#NAME?,,,
,,,,#NAME?,#NAME?,#NAME?,#NAME?,#NAME?,#NAME?,,,
,,,,#NAME?,#NAME?,#NAME?,#NAME?,#NAME?,#NAME?,,,
,,,,#NAME?,#NAME?,#NAME?,#NAME?,#NAME?,#NAME?,,,
,,,,#NAME?,#NAME?,#NAME?,#NAME?,#NAME?,#NAME?,,,
,,,,#NAME?,#NAME?,#NAME?,#NAME?,#NAME?,#NAME?,,,
,,,,#NAME?,#NAME?,#NAME?,#NAME?,#NAME?,#NAME?,,,
,,,,#NAME?,#NAME?,#NAME?,#NAME?,#NAME?,#NAME?,,,
,,,,#NAME?,#NAME?,#NAME?,#NAME?,#NAME?,#NAME?,,,
,,,,#NAME?,#NAME?,#NAME?,#NAME?,#NAME?,#NAME?,,,
,,,,#NAME?,#NAME?,#NAME?,#NAME?,#NAME?,#NAME?,,,
,,,,#NAME?,#NAME?,#NAME?,#NAME?,#NAME?,#NAME?,,,
,,,,#NAME?,#NAME?,#NAME?,#NAME?,#NAME?,#NAME?,,,
,,,,#NAME?,#NAME?,#NAME?,#NAME?,#NAME?,#NAME?,,,
,,,,#NAME?,#NAME?,#NAME?,#NAME?,#NAME?,#NAME?,,,
,,,,#NAME?,#NAME?,#NAME?,#NAME?,#NAME?,#NAME?,,,
,,,,#NAME?,#NAME?,#NAME?,#NAME?,#NAME?,#NAME?,,,
,,,,#NAME?,#NAME?,#NAME?,#NAME?,#NAME?,#NAME?,,,
,,,,#NAME?,#NAME?,#NAME?,#NAME?,#NAME?,#NAME?,,,
,,,,#NAME?,#NAME?,#NAME?,#NAME?,#NAME?,#NAME?,,,
,,,,#NAME?,#NAME?,#NAME?,#NAME?,#NAME?,#NAME?,,,
,,,,#NAME?,#NAME?,#NAME?,#NAME?,#NAME?,#NAME?,,,
,,,,#NAME?,#NAME?,#NAME?,#NAME?,#NAME?,#NAME?,,,
,,,,#NAME?,#NAME?,#NAME?,#NAME?,#NAME?,#NAME?,,,
,,,,#NAME?,#NAME?,#NAME?,#NAME?,#NAME?,#NAME?,,,
,,,,#NAME?,#NAME?,#NAME?,#NAME?,#NAME?,#NAME?,,,
,,,,#NAME?,#NAME?,#NAME?,#NAME?,#NAME?,#NAME?,,,
,,,,#NAME?,#NAME?,#NAME?,#NAME?,#NAME?,#NAME?,,,
,,,,#NAME?,#NAME?,#NAME?,#NAME?,#NAME?,#NAME?,,,
,,,,#NAME?,#NAME?,#NAME?,#NAME?,#NAME?,#NAME?,,,
,,,,#NAME?,#NAME?,#NAME?,#NAME?,#NAME?,#NAME?,,,
,,,,#NAME?,#NAME?,#NAME?,#NAME?,#NAME?,#NAME?,,,
,,,,#NAME?,#NAME?,#NAME?,#NAME?,#NAME?,#NAME?,,,
,,,,#NAME?,#NAME?,#NAME?,#NAME?,#NAME?,#NAME?,,,
,,,,#NAME?,#NAME?,#NAME?,#NAME?,#NAME?,#NAME?,,,
,,,,#NAME?,#NAME?,#NAME?,#NAME?,#NAME?,#NAME?,,,
,,,,#NAME?,#NAME?,#NAME?,#NAME?,#NAME?,#NAME?,,,
,,,,#NAME?,#NAME?,#NAME?,#NAME?,#NAME?,#NAME?,,,
,,,,#NAME?,#NAME?,#NAME?,#NAME?,#NAME?,#NAME?,,,
,,,,#NAME?,#NAME?,#NAME?,#NAME?,#NAME?,#NAME?,,,
,,,,#NAME?,#NAME?,#NAME?,#NAME?,#NAME?,#NAME?,,,
,,,,#NAME?,#NAME?,#NAME?,#NAME?,#NAME?,#NAME?,,,
,,,,#NAME?,#NAME?,#NAME?,#NAME?,#NAME?,#NAME?,,,
,,,,#NAME?,#NAME?,#NAME?,#NAME?,#NAME?,#NAME?,,,
,,,,#NAME?,#NAME?,#NAME?,#NAME?,#NAME?,#NAME?,,,
,,,,#NAME?,#NAME?,#NAME?,#NAME?,#NAME?,#NAME?,,,
,,,,#NAME?,#NAME?,#NAME?,#NAME?,#NAME?,#NAME?,,,
,,,,#NAME?,#NAME?,#NAME?,#NAME?,#NAME?,#NAME?,,,
,,,,#NAME?,#NAME?,#NAME?,#NAME?,#NAME?,#NAME?,,,
,,,,#NAME?,#NAME?,#NAME?,#NAME?,#NAME?,#NAME?,,,
,,,,#NAME?,#NAME?,#NAME?,#NAME?,#NAME?,#NAME?,,,
,,,,#NAME?,#NAME?,#NAME?,#NAME?,#NAME?,#NAME?,,,
,,,,#NAME?,#NAME?,#NAME?,#NAME?,#NAME?,#NAME?,,,
,,,,#NAME?,#NAME?,#NAME?,#NAME?,#NAME?,#NAME?,,,
,,,,#NAME?,#NAME?,#NAME?,#NAME?,#NAME?,#NAME?,,,
,,,,#NAME?,#NAME?,#NAME?,#NAME?,#NAME?,#NAME?,,,
,,,,#NAME?,#NAME?,#NAME?,#NAME?,#NAME?,#NAME?,,,
,,,,#NAME?,#NAME?,#NAME?,#NAME?,#NAME?,#NAME?,,,
,,,,#NAME?,#NAME?,#NAME?,#NAME?,#NAME?,#NAME?,,,
,,,,#NAME?,#NAME?,#NAME?,#NAME?,#NAME?,#NAME?,,,
,,,,#NAME?,#NAME?,#NAME?,#NAME?,#NAME?,#NAME?,,,
,,,,#NAME?,#NAME?,#NAME?,#NAME?,#NAME?,#NAME?,,,
,,,,#NAME?,#NAME?,#NAME?,#NAME?,#NAME?,#NAME?,,,
,,,,#NAME?,#NAME?,#NAME?,#NAME?,#NAME?,#NAME?,,,
,,,,#NAME?,#NAME?,#NAME?,#NAME?,#NAME?,#NAME?,,,
,,,,#NAME?,#NAME?,#NAME?,#NAME?,#NAME?,#NAME?,,,
,,,,#NAME?,#NAME?,#NAME?,#NAME?,#NAME?,#NAME?,,,
,,,,#NAME?,#NAME?,#NAME?,#NAME?,#NAME?,#NAME?,,,
,,,,#NAME?,#NAME?,#NAME?,#NAME?,#NAME?,#NAME?,,,
,,,,#NAME?,#NAME?,#NAME?,#NAME?,#NAME?,#NAME?,,,
,,,,#NAME?,#NAME?,#NAME?,#NAME?,#NAME?,#NAME?,,,
,,,,#NAME?,#NAME?,#NAME?,#NAME?,#NAME?,#NAME?,,,
,,,,#NAME?,#NAME?,#NAME?,#NAME?,#NAME?,#NAME?,,,
,,,,#NAME?,#NAME?,#NAME?,#NAME?,#NAME?,#NAME?,,,
,,,,#NAME?,#NAME?,#NAME?,#NAME?,#NAME?,#NAME?,,,
,,,,#NAME?,#NAME?,#NAME?,#NAME?,#NAME?,#NAME?,,,
,,,,#NAME?,#NAME?,#NAME?,#NAME?,#NAME?,#NAME?,,,
,,,,#NAME?,#NAME?,#NAME?,#NAME?,#NAME?,#NAME?,,,
,,,,#NAME?,#NAME?,#NAME?,#NAME?,#NAME?,#NAME?,,,
,,,,#NAME?,#NAME?,#NAME?,#NAME?,#NAME?,#NAME?,,,
,,,,#NAME?,#NAME?,#NAME?,#NAME?,#NAME?,#NAME?,,,
,,,,#NAME?,#NAME?,#NAME?,#NAME?,#NAME?,#NAME?,,,
,,,,#NAME?,#NAME?,#NAME?,#NAME?,#NAME?,#NAME?,,,
,,,,#NAME?,#NAME?,#NAME?,#NAME?,#NAME?,#NAME?,,,
,,,,#NAME?,#NAME?,#NAME?,#NAME?,#NAME?,#NAME?,,,
,,,,#NAME?,#NAME?,#NAME?,#NAME?,#NAME?,#NAME?,,,
,,,,#NAME?,#NAME?,#NAME?,#NAME?,#NAME?,#NAME?,,,
,,,,#NAME?,#NAME?,#NAME?,#NAME?,#NAME?,#NAME?,,,
,,,,#NAME?,#NAME?,#NAME?,#NAME?,#NAME?,#NAME?,,,
,,,,#NAME?,#NAME?,#NAME?,#NAME?,#NAME?,#NAME?,,,
,,,,#NAME?,#NAME?,#NAME?,#NAME?,#NAME?,#NAME?,,,
,,,,#NAME?,#NAME?,#NAME?,#NAME?,#NAME?,#NAME?,,,
,,,,#NAME?,#NAME?,#NAME?,#NAME?,#NAME?,#NAME?,,,
,,,,#NAME?,#NAME?,#NAME?,#NAME?,#NAME?,#NAME?,,,
,,,,#NAME?,#NAME?,#NAME?,#NAME?,#NAME?,#NAME?,,,
,,,,#NAME?,#NAME?,#NAME?,#NAME?,#NAME?,#NAME?,,,
,,,,#NAME?,#NAME?,#NAME?,#NAME?,#NAME?,#NAME?,,,
,,,,#NAME?,#NAME?,#NAME?,#NAME?,#NAME?,#NAME?,,,
,,,,#NAME?,#NAME?,#NAME?,#NAME?,#NAME?,#NAME?,,,
,,,,#NAME?,#NAME?,#NAME?,#NAME?,#NAME?,#NAME?,,,
,,,,#NAME?,#NAME?,#NAME?,#NAME?,#NAME?,#NAME?,,,
,,,,#NAME?,#NAME?,#NAME?,#NAME?,#NAME?,#NAME?,,,
,,,,#NAME?,#NAME?,#NAME?,#NAME?,#NAME?,#NAME?,,,
,,,,#NAME?,#NAME?,#NAME?,#NAME?,#NAME?,#NAME?,,,
,,,,#NAME?,#NAME?,#NAME?,#NAME?,#NAME?,#NAME?,,,
,,,,#NAME?,#NAME?,#NAME?,#NAME?,#NAME?,#NAME?,,,
,,,,#NAME?,#NAME?,#NAME?,#NAME?,#NAME?,#NAME?,,,
,,,,#NAME?,#NAME?,#NAME?,#NAME?,#NAME?,#NAME?,,,
,,,,#NAME?,#NAME?,#NAME?,#NAME?,#NAME?,#NAME?,,,
,,,,#NAME?,#NAME?,#NAME?,#NAME?,#NAME?,#NAME?,,,
,,,,#NAME?,#NAME?,#NAME?,#NAME?,#NAME?,#NAME?,,,
,,,,#NAME?,#NAME?,#NAME?,#NAME?,#NAME?,#NAME?,,,
,,,,#NAME?,#NAME?,#NAME?,#NAME?,#NAME?,#NAME?,,,
,,,,#NAME?,#NAME?,#NAME?,#NAME?,#NAME?,#NAME?,,,
,,,,#NAME?,#NAME?,#NAME?,#NAME?,#NAME?,#NAME?,,,
,,,,#NAME?,#NAME?,#NAME?,#NAME?,#NAME?,#NAME?,,,
,,,,#NAME?,#NAME?,#NAME?,#NAME?,#NAME?,#NAME?,,,
,,,,#NAME?,#NAME?,#NAME?,#NAME?,#NAME?,#NAME?,,,
,,,,#NAME?,#NAME?,#NAME?,#NAME?,#NAME?,#NAME?,,,
,,,,#NAME?,#NAME?,#NAME?,#NAME?,#NAME?,#NAME?,,,
,,,,#NAME?,#NAME?,#NAME?,#NAME?,#NAME?,#NAME?,,,
,,,,#NAME?,#NAME?,#NAME?,#NAME?,#NAME?,#NAME?,,,
,,,,#NAME?,#NAME?,#NAME?,#NAME?,#NAME?,#NAME?,,,
,,,,#NAME?,#NAME?,#NAME?,#NAME?,#NAME?,#NAME?,,,
,,,,#NAME?,#NAME?,#NAME?,#NAME?,#NAME?,#NAME?,,,
,,,,#NAME?,#NAME?,#NAME?,#NAME?,#NAME?,#NAME?,,,
,,,,#NAME?,#NAME?,#NAME?,#NAME?,#NAME?,#NAME?,,,
,,,,#NAME?,#NAME?,#NAME?,#NAME?,#NAME?,#NAME?,,,
,,,,#NAME?,#NAME?,#NAME?,#NAME?,#NAME?,#NAME?,,,
,,,,#NAME?,#NAME?,#NAME?,#NAME?,#NAME?,#NAME?,,,
,,,,#NAME?,#NAME?,#NAME?,#NAME?,#NAME?,#NAME?,,,
,,,,#NAME?,#NAME?,#NAME?,#NAME?,#NAME?,#NAME?,,,
,,,,#NAME?,#NAME?,#NAME?,#NAME?,#NAME?,#NAME?,,,
,,,,#NAME?,#NAME?,#NAME?,#NAME?,#NAME?,#NAME?,,,
,,,,#NAME?,#NAME?,#NAME?,#NAME?,#NAME?,#NAME?,,,
,,,,#NAME?,#NAME?,#NAME?,#NAME?,#NAME?,#NAME?,,,
,,,,#NAME?,#NAME?,#NAME?,#NAME?,#NAME?,#NAME?,,,
,,,,#NAME?,#NAME?,#NAME?,#NAME?,#NAME?,#NAME?,,,
,,,,#NAME?,#NAME?,#NAME?,#NAME?,#NAME?,#NAME?,,,
,,,,#NAME?,#NAME?,#NAME?,#NAME?,#NAME?,#NAME?,,,
,,,,#NAME?,#NAME?,#NAME?,#NAME?,#NAME?,#NAME?,,,
,,,,#NAME?,#NAME?,#NAME?,#NAME?,#NAME?,#NAME?,,,
,,,,#NAME?,#NAME?,#NAME?,#NAME?,#NAME?,#NAME?,,,
,,,,#NAME?,#NAME?,#NAME?,#NAME?,#NAME?,#NAME?,,,
,,,,#NAME?,#NAME?,#NAME?,#NAME?,#NAME?,#NAME?,,,
,,,,#NAME?,#NAME?,#NAME?,#NAME?,#NAME?,#NAME?,,,
,,,,#NAME?,#NAME?,#NAME?,#NAME?,#NAME?,#NAME?,,,
,,,,#NAME?,#NAME?,#NAME?,#NAME?,#NAME?,#NAME?,,,
,,,,#NAME?,#NAME?,#NAME?,#NAME?,#NAME?,#NAME?,,,
,,,,#NAME?,#NAME?,#NAME?,#NAME?,#NAME?,#NAME?,,,
,,,,#NAME?,#NAME?,#NAME?,#NAME?,#NAME?,#NAME?,,,
,,,,#NAME?,#NAME?,#NAME?,#NAME?,#NAME?,#NAME?,,,
,,,,#NAME?,#NAME?,#NAME?,#NAME?,#NAME?,#NAME?,,,
,,,,#NAME?,#NAME?,#NAME?,#NAME?,#NAME?,#NAME?,,,
,,,,#NAME?,#NAME?,#NAME?,#NAME?,#NAME?,#NAME?,,,
,,,,#NAME?,#NAME?,#NAME?,#NAME?,#NAME?,#NAME?,,,
,,,,#NAME?,#NAME?,#NAME?,#NAME?,#NAME?,#NAME?,,,
,,,,#NAME?,#NAME?,#NAME?,#NAME?,#NAME?,#NAME?,,,
,,,,#NAME?,#NAME?,#NAME?,#NAME?,#NAME?,#NAME?,,,
,,,,#NAME?,#NAME?,#NAME?,#NAME?,#NAME?,#NAME?,,,
,,,,#NAME?,#NAME?,#NAME?,#NAME?,#NAME?,#NAME?,,,
,,,,#NAME?,#NAME?,#NAME?,#NAME?,#NAME?,#NAME?,,,
,,,,#NAME?,#NAME?,#NAME?,#NAME?,#NAME?,#NAME?,,,
,,,,#NAME?,#NAME?,#NAME?,#NAME?,#NAME?,#NAME?,,,
,,,,#NAME?,#NAME?,#NAME?,#NAME?,#NAME?,#NAME?,,,
,,,,#NAME?,#NAME?,#NAME?,#NAME?,#NAME?,#NAME?,,,
,,,,#NAME?,#NAME?,#NAME?,#NAME?,#NAME?,#NAME?,,,
,,,,#NAME?,#NAME?,#NAME?,#NAME?,#NAME?,#NAME?,,,
,,,,#NAME?,#NAME?,#NAME?,#NAME?,#NAME?,#NAME?,,,
,,,,#NAME?,#NAME?,#NAME?,#NAME?,#NAME?,#NAME?,,,
,,,,#NAME?,#NAME?,#NAME?,#NAME?,#NAME?,#NAME?,,,
,,,,#NAME?,#NAME?,#NAME?,#NAME?,#NAME?,#NAME?,,,
,,,,#NAME?,#NAME?,#NAME?,#NAME?,#NAME?,#NAME?,,,
,,,,#NAME?,#NAME?,#NAME?,#NAME?,#NAME?,#NAME?,,,
,,,,#NAME?,#NAME?,#NAME?,#NAME?,#NAME?,#NAME?,,,
,,,,#NAME?,#NAME?,#NAME?,#NAME?,#NAME?,#NAME?,,,
,,,,#NAME?,#NAME?,#NAME?,#NAME?,#NAME?,#NAME?,,,
,,,,#NAME?,#NAME?,#NAME?,#NAME?,#NAME?,#NAME?,,,
,,,,#NAME?,#NAME?,#NAME?,#NAME?,#NAME?,#NAME?,,,
,,,,#NAME?,#NAME?,#NAME?,#NAME?,#NAME?,#NAME?,,,
,,,,#NAME?,#NAME?,#NAME?,#NAME?,#NAME?,#NAME?,,,
,,,,#NAME?,#NAME?,#NAME?,#NAME?,#NAME?,#NAME?,,,
,,,,#NAME?,#NAME?,#NAME?,#NAME?,#NAME?,#NAME?,,,
,,,,#NAME?,#NAME?,#NAME?,#NAME?,#NAME?,#NAME?,,,
,,,,#NAME?,#NAME?,#NAME?,#NAME?,#NAME?,#NAME?,,,
,,,,#NAME?,#NAME?,#NAME?,#NAME?,#NAME?,#NAME?,,,
,,,,#NAME?,#NAME?,#NAME?,#NAME?,#NAME?,#NAME?,,,
,,,,#NAME?,#NAME?,#NAME?,#NAME?,#NAME?,#NAME?,,,
,,,,#NAME?,#NAME?,#NAME?,#NAME?,#NAME?,#NAME?,,,
,,,,#NAME?,#NAME?,#NAME?,#NAME?,#NAME?,#NAME?,,,
,,,,#NAME?,#NAME?,#NAME?,#NAME?,#NAME?,#NAME?,,,
,,,,#NAME?,#NAME?,#NAME?,#NAME?,#NAME?,#NAME?,,,
,,,,#NAME?,#NAME?,#NAME?,#NAME?,#NAME?,#NAME?,,,
,,,,#NAME?,#NAME?,#NAME?,#NAME?,#NAME?,#NAME?,,,
,,,,#NAME?,#NAME?,#NAME?,#NAME?,#NAME?,#NAME?,,,
,,,,#NAME?,#NAME?,#NAME?,#NAME?,#NAME?,#NAME?,,,
,,,,#NAME?,#NAME?,#NAME?,#NAME?,#NAME?,#NAME?,,,
,,,,#NAME?,#NAME?,#NAME?,#NAME?,#NAME?,#NAME?,,,
,,,,#NAME?,#NAME?,#NAME?,#NAME?,#NAME?,#NAME?,,,
,,,,#NAME?,#NAME?,#NAME?,#NAME?,#NAME?,#NAME?,,,
,,,,#NAME?,#NAME?,#NAME?,#NAME?,#NAME?,#NAME?,,,
,,,,#NAME?,#NAME?,#NAME?,#NAME?,#NAME?,#NAME?,,,
,,,,#NAME?,#NAME?,#NAME?,#NAME?,#NAME?,#NAME?,,,
,,,,#NAME?,#NAME?,#NAME?,#NAME?,#NAME?,#NAME?,,,
,,,,#NAME?,#NAME?,#NAME?,#NAME?,#NAME?,#NAME?,,,
,,,,#NAME?,#NAME?,#NAME?,#NAME?,#NAME?,#NAME?,,,
,,,,#NAME?,#NAME?,#NAME?,#NAME?,#NAME?,#NAME?,,,
,,,,#NAME?,#NAME?,#NAME?,#NAME?,#NAME?,#NAME?,,,
,,,,#NAME?,#NAME?,#NAME?,#NAME?,#NAME?,#NAME?,,,
,,,,#NAME?,#NAME?,#NAME?,#NAME?,#NAME?,#NAME?,,,
,,,,#NAME?,#NAME?,#NAME?,#NAME?,#NAME?,#NAME?,,,
,,,,#NAME?,#NAME?,#NAME?,#NAME?,#NAME?,#NAME?,,,
,,,,#NAME?,#NAME?,#NAME?,#NAME?,#NAME?,#NAME?,,,
,,,,#NAME?,#NAME?,#NAME?,#NAME?,#NAME?,#NAME?,,,
,,,,#NAME?,#NAME?,#NAME?,#NAME?,#NAME?,#NAME?,,,
,,,,#NAME?,#NAME?,#NAME?,#NAME?,#NAME?,#NAME?,,,
,,,,#NAME?,#NAME?,#NAME?,#NAME?,#NAME?,#NAME?,,,
,,,,#NAME?,#NAME?,#NAME?,#NAME?,#NAME?,#NAME?,,,
,,,,#NAME?,#NAME?,#NAME?,#NAME?,#NAME?,#NAME?,,,
,,,,#NAME?,#NAME?,#NAME?,#NAME?,#NAME?,#NAME?,,,
,,,,#NAME?,#NAME?,#NAME?,#NAME?,#NAME?,#NAME?,,,
,,,,#NAME?,#NAME?,#NAME?,#NAME?,#NAME?,#NAME?,,,
,,,,#NAME?,#NAME?,#NAME?,#NAME?,#NAME?,#NAME?,,,
,,,,#NAME?,#NAME?,#NAME?,#NAME?,#NAME?,#NAME?,,,
,,,,#NAME?,#NAME?,#NAME?,#NAME?,#NAME?,#NAME?,,,
,,,,#NAME?,#NAME?,#NAME?,#NAME?,#NAME?,#NAME?,,,
,,,,#NAME?,#NAME?,#NAME?,#NAME?,#NAME?,#NAME?,,,
,,,,#NAME?,#NAME?,#NAME?,#NAME?,#NAME?,#NAME?,,,
,,,,#NAME?,#NAME?,#NAME?,#NAME?,#NAME?,#NAME?,,,
,,,,#NAME?,#NAME?,#NAME?,#NAME?,#NAME?,#NAME?,,,
,,,,#NAME?,#NAME?,#NAME?,#NAME?,#NAME?,#NAME?,,,
,,,,#NAME?,#NAME?,#NAME?,#NAME?,#NAME?,#NAME?,,,
,,,,#NAME?,#NAME?,#NAME?,#NAME?,#NAME?,#NAME?,,,
,,,,#NAME?,#NAME?,#NAME?,#NAME?,#NAME?,#NAME?,,,
,,,,#NAME?,#NAME?,#NAME?,#NAME?,#NAME?,#NAME?,,,
,,,,#NAME?,#NAME?,#NAME?,#NAME?,#NAME?,#NAME?,,,
,,,,#NAME?,#NAME?,#NAME?,#NAME?,#NAME?,#NAME?,,,
,,,,#NAME?,#NAME?,#NAME?,#NAME?,#NAME?,#NAME?,,,
,,,,#NAME?,#NAME?,#NAME?,#NAME?,#NAME?,#NAME?,,,
,,,,#NAME?,#NAME?,#NAME?,#NAME?,#NAME?,#NAME?,,,
,,,,#NAME?,#NAME?,#NAME?,#NAME?,#NAME?,#NAME?,,,
,,,,#NAME?,#NAME?,#NAME?,#NAME?,#NAME?,#NAME?,,,
,,,,#NAME?,#NAME?,#NAME?,#NAME?,#NAME?,#NAME?,,,
,,,,#NAME?,#NAME?,#NAME?,#NAME?,#NAME?,#NAME?,,,
,,,,#NAME?,#NAME?,#NAME?,#NAME?,#NAME?,#NAME?,,,
,,,,#NAME?,#NAME?,#NAME?,#NAME?,#NAME?,#NAME?,,,
,,,,#NAME?,#NAME?,#NAME?,#NAME?,#NAME?,#NAME?,,,
,,,,#NAME?,#NAME?,#NAME?,#NAME?,#NAME?,#NAME?,,,
,,,,#NAME?,#NAME?,#NAME?,#NAME?,#NAME?,#NAME?,,,
,,,,#NAME?,#NAME?,#NAME?,#NAME?,#NAME?,#NAME?,,,
,,,,#NAME?,#NAME?,#NAME?,#NAME?,#NAME?,#NAME?,,,
,,,,#NAME?,#NAME?,#NAME?,#NAME?,#NAME?,#NAME?,,,
,,,,#NAME?,#NAME?,#NAME?,#NAME?,#NAME?,#NAME?,,,
,,,,#NAME?,#NAME?,#NAME?,#NAME?,#NAME?,#NAME?,,,
,,,,#NAME?,#NAME?,#NAME?,#NAME?,#NAME?,#NAME?,,,
,,,,#NAME?,#NAME?,#NAME?,#NAME?,#NAME?,#NAME?,,,
,,,,#NAME?,#NAME?,#NAME?,#NAME?,#NAME?,#NAME?,,,
,,,,#NAME?,#NAME?,#NAME?,#NAME?,#NAME?,#NAME?,,,
,,,,#NAME?,#NAME?,#NAME?,#NAME?,#NAME?,#NAME?,,,
,,,,#NAME?,#NAME?,#NAME?,#NAME?,#NAME?,#NAME?,,,
,,,,#NAME?,#NAME?,#NAME?,#NAME?,#NAME?,#NAME?,,,
,,,,#NAME?,#NAME?,#NAME?,#NAME?,#NAME?,#NAME?,,,
,,,,#NAME?,#NAME?,#NAME?,#NAME?,#NAME?,#NAME?,,,
,,,,#NAME?,#NAME?,#NAME?,#NAME?,#NAME?,#NAME?,,,
,,,,#NAME?,#NAME?,#NAME?,#NAME?,#NAME?,#NAME?,,,
,,,,#NAME?,#NAME?,#NAME?,#NAME?,#NAME?,#NAME?,,,
,,,,#NAME?,#NAME?,#NAME?,#NAME?,#NAME?,#NAME?,,,
,,,,#NAME?,#NAME?,#NAME?,#NAME?,#NAME?,#NAME?,,,
,,,,#NAME?,#NAME?,#NAME?,#NAME?,#NAME?,#NAME?,,,
,,,,#NAME?,#NAME?,#NAME?,#NAME?,#NAME?,#NAME?,,,
,,,,#NAME?,#NAME?,#NAME?,#NAME?,#NAME?,#NAME?,,,
,,,,#NAME?,#NAME?,#NAME?,#NAME?,#NAME?,#NAME?,,,
,,,,#NAME?,#NAME?,#NAME?,#NAME?,#NAME?,#NAME?,,,
,,,,#NAME?,#NAME?,#NAME?,#NAME?,#NAME?,#NAME?,,,
,,,,#NAME?,#NAME?,#NAME?,#NAME?,#NAME?,#NAME?,,,
,,,,#NAME?,#NAME?,#NAME?,#NAME?,#NAME?,#NAME?,,,
,,,,#NAME?,#NAME?,#NAME?,#NAME?,#NAME?,#NAME?,,,
,,,,#NAME?,#NAME?,#NAME?,#NAME?,#NAME?,#NAME?,,,
,,,,#NAME?,#NAME?,#NAME?,#NAME?,#NAME?,#NAME?,,,
,,,,#NAME?,#NAME?,#NAME?,#NAME?,#NAME?,#NAME?,,,
,,,,#NAME?,#NAME?,#NAME?,#NAME?,#NAME?,#NAME?,,,
,,,,#NAME?,#NAME?,#NAME?,#NAME?,#NAME?,#NAME?,,,
,,,,#NAME?,#NAME?,#NAME?,#NAME?,#NAME?,#NAME?,,,
,,,,#NAME?,#NAME?,#NAME?,#NAME?,#NAME?,#NAME?,,,
,,,,#NAME?,#NAME?,#NAME?,#NAME?,#NAME?,#NAME?,,,
,,,,#NAME?,#NAME?,#NAME?,#NAME?,#NAME?,#NAME?,,,
,,,,#NAME?,#NAME?,#NAME?,#NAME?,#NAME?,#NAME?,,,
,,,,#NAME?,#NAME?,#NAME?,#NAME?,#NAME?,#NAME?,,,
,,,,#NAME?,#NAME?,#NAME?,#NAME?,#NAME?,#NAME?,,,
,,,,#NAME?,#NAME?,#NAME?,#NAME?,#NAME?,#NAME?,,,
,,,,#NAME?,#NAME?,#NAME?,#NAME?,#NAME?,#NAME?,,,
,,,,#NAME?,#NAME?,#NAME?,#NAME?,#NAME?,#NAME?,,,
,,,,#NAME?,#NAME?,#NAME?,#NAME?,#NAME?,#NAME?,,,
,,,,#NAME?,#NAME?,#NAME?,#NAME?,#NAME?,#NAME?,,,
,,,,#NAME?,#NAME?,#NAME?,#NAME?,#NAME?,#NAME?,,,
,,,,#NAME?,#NAME?,#NAME?,#NAME?,#NAME?,#NAME?,,,
,,,,#NAME?,#NAME?,#NAME?,#NAME?,#NAME?,#NAME?,,,
,,,,#NAME?,#NAME?,#NAME?,#NAME?,#NAME?,#NAME?,,,
,,,,#NAME?,#NAME?,#NAME?,#NAME?,#NAME?,#NAME?,,,
,,,,#NAME?,#NAME?,#NAME?,#NAME?,#NAME?,#NAME?,,,
,,,,#NAME?,#NAME?,#NAME?,#NAME?,#NAME?,#NAME?,,,
,,,,#NAME?,#NAME?,#NAME?,#NAME?,#NAME?,#NAME?,,,
,,,,#NAME?,#NAME?,#NAME?,#NAME?,#NAME?,#NAME?,,,
,,,,#NAME?,#NAME?,#NAME?,#NAME?,#NAME?,#NAME?,,,
,,,,#NAME?,#NAME?,#NAME?,#NAME?,#NAME?,#NAME?,,,
,,,,#NAME?,#NAME?,#NAME?,#NAME?,#NAME?,#NAME?,,,
,,,,#NAME?,#NAME?,#NAME?,#NAME?,#NAME?,#NAME?,,,
,,,,#NAME?,#NAME?,#NAME?,#NAME?,#NAME?,#NAME?,,,
,,,,#NAME?,#NAME?,#NAME?,#NAME?,#NAME?,#NAME?,,,
,,,,#NAME?,#NAME?,#NAME?,#NAME?,#NAME?,#NAME?,,,
,,,,#NAME?,#NAME?,#NAME?,#NAME?,#NAME?,#NAME?,,,
,,,,#NAME?,#NAME?,#NAME?,#NAME?,#NAME?,#NAME?,,,
,,,,#NAME?,#NAME?,#NAME?,#NAME?,#NAME?,#NAME?,,,
,,,,#NAME?,#NAME?,#NAME?,#NAME?,#NAME?,#NAME?,,,
,,,,#NAME?,#NAME?,#NAME?,#NAME?,#NAME?,#NAME?,,,
,,,,#NAME?,#NAME?,#NAME?,#NAME?,#NAME?,#NAME?,,,
,,,,#NAME?,#NAME?,#NAME?,#NAME?,#NAME?,#NAME?,,,
,,,,#NAME?,#NAME?,#NAME?,#NAME?,#NAME?,#NAME?,,,
,,,,#NAME?,#NAME?,#NAME?,#NAME?,#NAME?,#NAME?,,,
,,,,#NAME?,#NAME?,#NAME?,#NAME?,#NAME?,#NAME?,,,
,,,,#NAME?,#NAME?,#NAME?,#NAME?,#NAME?,#NAME?,,,
,,,,#NAME?,#NAME?,#NAME?,#NAME?,#NAME?,#NAME?,,,
,,,,#NAME?,#NAME?,#NAME?,#NAME?,#NAME?,#NAME?,,,
,,,,#NAME?,#NAME?,#NAME?,#NAME?,#NAME?,#NAME?,,,
,,,,#NAME?,#NAME?,#NAME?,#NAME?,#NAME?,#NAME?,,,
,,,,#NAME?,#NAME?,#NAME?,#NAME?,#NAME?,#NAME?,,,
,,,,#NAME?,#NAME?,#NAME?,#NAME?,#NAME?,#NAME?,,,
,,,,#NAME?,#NAME?,#NAME?,#NAME?,#NAME?,#NAME?,,,
,,,,#NAME?,#NAME?,#NAME?,#NAME?,#NAME?,#NAME?,,,
,,,,#NAME?,#NAME?,#NAME?,#NAME?,#NAME?,#NAME?,,,
,,,,#NAME?,#NAME?,#NAME?,#NAME?,#NAME?,#NAME?,,,
,,,,#NAME?,#NAME?,#NAME?,#NAME?,#NAME?,#NAME?,,,
,,,,#NAME?,#NAME?,#NAME?,#NAME?,#NAME?,#NAME?,,,
,,,,#NAME?,#NAME?,#NAME?,#NAME?,#NAME?,#NAME?,,,
,,,,#NAME?,#NAME?,#NAME?,#NAME?,#NAME?,#NAME?,,,
,,,,#NAME?,#NAME?,#NAME?,#NAME?,#NAME?,#NAME?,,,
,,,,#NAME?,#NAME?,#NAME?,#NAME?,#NAME?,#NAME?,,,
,,,,#NAME?,#NAME?,#NAME?,#NAME?,#NAME?,#NAME?,,,
,,,,#NAME?,#NAME?,#NAME?,#NAME?,#NAME?,#NAME?,,,
,,,,#NAME?,#NAME?,#NAME?,#NAME?,#NAME?,#NAME?,,,
,,,,#NAME?,#NAME?,#NAME?,#NAME?,#NAME?,#NAME?,,,
,,,,#NAME?,#NAME?,#NAME?,#NAME?,#NAME?,#NAME?,,,
,,,,#NAME?,#NAME?,#NAME?,#NAME?,#NAME?,#NAME?,,,
,,,,#NAME?,#NAME?,#NAME?,#NAME?,#NAME?,#NAME?,,,
,,,,#NAME?,#NAME?,#NAME?,#NAME?,#NAME?,#NAME?,,,
,,,,#NAME?,#NAME?,#NAME?,#NAME?,#NAME?,#NAME?,,,
,,,,#NAME?,#NAME?,#NAME?,#NAME?,#NAME?,#NAME?,,,
,,,,#NAME?,#NAME?,#NAME?,#NAME?,#NAME?,#NAME?,,,
,,,,#NAME?,#NAME?,#NAME?,#NAME?,#NAME?,#NAME?,,,
,,,,#NAME?,#NAME?,#NAME?,#NAME?,#NAME?,#NAME?,,,
,,,,#NAME?,#NAME?,#NAME?,#NAME?,#NAME?,#NAME?,,,
,,,,#NAME?,#NAME?,#NAME?,#NAME?,#NAME?,#NAME?,,,
,,,,#NAME?,#NAME?,#NAME?,#NAME?,#NAME?,#NAME?,,,
,,,,#NAME?,#NAME?,#NAME?,#NAME?,#NAME?,#NAME?,,,
,,,,#NAME?,#NAME?,#NAME?,#NAME?,#NAME?,#NAME?,,,
,,,,#NAME?,#NAME?,#NAME?,#NAME?,#NAME?,#NAME?,,,
,,,,#NAME?,#NAME?,#NAME?,#NAME?,#NAME?,#NAME?,,,
,,,,#NAME?,#NAME?,#NAME?,#NAME?,#NAME?,#NAME?,,,
,,,,#NAME?,#NAME?,#NAME?,#NAME?,#NAME?,#NAME?,,,
,,,,#NAME?,#NAME?,#NAME?,#NAME?,#NAME?,#NAME?,,,
,,,,#NAME?,#NAME?,#NAME?,#NAME?,#NAME?,#NAME?,,,
,,,,#NAME?,#NAME?,#NAME?,#NAME?,#NAME?,#NAME?,,,
,,,,#NAME?,#NAME?,#NAME?,#NAME?,#NAME?,#NAME?,,,
,,,,#NAME?,#NAME?,#NAME?,#NAME?,#NAME?,#NAME?,,,
,,,,#NAME?,#NAME?,#NAME?,#NAME?,#NAME?,#NAME?,,,
,,,,#NAME?,#NAME?,#NAME?,#NAME?,#NAME?,#NAME?,,,
,,,,#NAME?,#NAME?,#NAME?,#NAME?,#NAME?,#NAME?,,,
,,,,#NAME?,#NAME?,#NAME?,#NAME?,#NAME?,#NAME?,,,
,,,,#NAME?,#NAME?,#NAME?,#NAME?,#NAME?,#NAME?,,,
,,,,#NAME?,#NAME?,#NAME?,#NAME?,#NAME?,#NAME?,,,
,,,,#NAME?,#NAME?,#NAME?,#NAME?,#NAME?,#NAME?,,,
,,,,#NAME?,#NAME?,#NAME?,#NAME?,#NAME?,#NAME?,,,
,,,,#NAME?,#NAME?,#NAME?,#NAME?,#NAME?,#NAME?,,,
,,,,#NAME?,#NAME?,#NAME?,#NAME?,#NAME?,#NAME?,,,
,,,,#NAME?,#NAME?,#NAME?,#NAME?,#NAME?,#NAME?,,,
,,,,#NAME?,#NAME?,#NAME?,#NAME?,#NAME?,#NAME?,,,
,,,,#NAME?,#NAME?,#NAME?,#NAME?,#NAME?,#NAME?,,,
,,,,#NAME?,#NAME?,#NAME?,#NAME?,#NAME?,#NAME?,,,
,,,,#NAME?,#NAME?,#NAME?,#NAME?,#NAME?,#NAME?,,,
,,,,#NAME?,#NAME?,#NAME?,#NAME?,#NAME?,#NAME?,,,
,,,,#NAME?,#NAME?,#NAME?,#NAME?,#NAME?,#NAME?,,,
,,,,#NAME?,#NAME?,#NAME?,#NAME?,#NAME?,#NAME?,,,
,,,,#NAME?,#NAME?,#NAME?,#NAME?,#NAME?,#NAME?,,,
,,,,#NAME?,#NAME?,#NAME?,#NAME?,#NAME?,#NAME?,,,
,,,,#NAME?,#NAME?,#NAME?,#NAME?,#NAME?,#NAME?,,,
,,,,#NAME?,#NAME?,#NAME?,#NAME?,#NAME?,#NAME?,,,
,,,,#NAME?,#NAME?,#NAME?,#NAME?,#NAME?,#NAME?,,,
,,,,#NAME?,#NAME?,#NAME?,#NAME?,#NAME?,#NAME?,,,
,,,,#NAME?,#NAME?,#NAME?,#NAME?,#NAME?,#NAME?,,,
,,,,#NAME?,#NAME?,#NAME?,#NAME?,#NAME?,#NAME?,,,
,,,,#NAME?,#NAME?,#NAME?,#NAME?,#NAME?,#NAME?,,,
,,,,#NAME?,#NAME?,#NAME?,#NAME?,#NAME?,#NAME?,,,
,,,,#NAME?,#NAME?,#NAME?,#NAME?,#NAME?,#NAME?,,,
,,,,#NAME?,#NAME?,#NAME?,#NAME?,#NAME?,#NAME?,,,
,,,,#NAME?,#NAME?,#NAME?,#NAME?,#NAME?,#NAME?,,,
,,,,#NAME?,#NAME?,#NAME?,#NAME?,#NAME?,#NAME?,,,
,,,,#NAME?,#NAME?,#NAME?,#NAME?,#NAME?,#NAME?,,,
,,,,#NAME?,#NAME?,#NAME?,#NAME?,#NAME?,#NAME?,,,
,,,,#NAME?,#NAME?,#NAME?,#NAME?,#NAME?,#NAME?,,,
,,,,#NAME?,#NAME?,#NAME?,#NAME?,#NAME?,#NAME?,,,
,,,,#NAME?,#NAME?,#NAME?,#NAME?,#NAME?,#NAME?,,,
,,,,#NAME?,#NAME?,#NAME?,#NAME?,#NAME?,#NAME?,,,
,,,,#NAME?,#NAME?,#NAME?,#NAME?,#NAME?,#NAME?,,,
,,,,#NAME?,#NAME?,#NAME?,#NAME?,#NAME?,#NAME?,,,
,,,,#NAME?,#NAME?,#NAME?,#NAME?,#NAME?,#NAME?,,,
,,,,#NAME?,#NAME?,#NAME?,#NAME?,#NAME?,#NAME?,,,
,,,,#NAME?,#NAME?,#NAME?,#NAME?,#NAME?,#NAME?,,,
,,,,#NAME?,#NAME?,#NAME?,#NAME?,#NAME?,#NAME?,,,
,,,,#NAME?,#NAME?,#NAME?,#NAME?,#NAME?,#NAME?,,,
,,,,#NAME?,#NAME?,#NAME?,#NAME?,#NAME?,#NAME?,,,
,,,,#NAME?,#NAME?,#NAME?,#NAME?,#NAME?,#NAME?,,,
,,,,#NAME?,#NAME?,#NAME?,#NAME?,#NAME?,#NAME?,,,
,,,,#NAME?,#NAME?,#NAME?,#NAME?,#NAME?,#NAME?,,,
,,,,#NAME?,#NAME?,#NAME?,#NAME?,#NAME?,#NAME?,,,
,,,,#NAME?,#NAME?,#NAME?,#NAME?,#NAME?,#NAME?,,,
,,,,#NAME?,#NAME?,#NAME?,#NAME?,#NAME?,#NAME?,,,
,,,,#NAME?,#NAME?,#NAME?,#NAME?,#NAME?,#NAME?,,,
,,,,#NAME?,#NAME?,#NAME?,#NAME?,#NAME?,#NAME?,,,
,,,,#NAME?,#NAME?,#NAME?,#NAME?,#NAME?,#NAME?,,,
,,,,#NAME?,#NAME?,#NAME?,#NAME?,#NAME?,#NAME?,,,
,,,,#NAME?,#NAME?,#NAME?,#NAME?,#NAME?,#NAME?,,,
,,,,#NAME?,#NAME?,#NAME?,#NAME?,#NAME?,#NAME?,,,
,,,,#NAME?,#NAME?,#NAME?,#NAME?,#NAME?,#NAME?,,,
,,,,#NAME?,#NAME?,#NAME?,#NAME?,#NAME?,#NAME?,,,
,,,,#NAME?,#NAME?,#NAME?,#NAME?,#NAME?,#NAME?,,,
,,,,#NAME?,#NAME?,#NAME?,#NAME?,#NAME?,#NAME?,,,
,,,,#NAME?,#NAME?,#NAME?,#NAME?,#NAME?,#NAME?,,,
,,,,#NAME?,#NAME?,#NAME?,#NAME?,#NAME?,#NAME?,,,
,,,,#NAME?,#NAME?,#NAME?,#NAME?,#NAME?,#NAME?,,,
,,,,#NAME?,#NAME?,#NAME?,#NAME?,#NAME?,#NAME?,,,
,,,,#NAME?,#NAME?,#NAME?,#NAME?,#NAME?,#NAME?,,,
,,,,#NAME?,#NAME?,#NAME?,#NAME?,#NAME?,#NAME?,,,
,,,,#NAME?,#NAME?,#NAME?,#NAME?,#NAME?,#NAME?,,,
,,,,#NAME?,#NAME?,#NAME?,#NAME?,#NAME?,#NAME?,,,
,,,,#NAME?,#NAME?,#NAME?,#NAME?,#NAME?,#NAME?,,,
,,,,#NAME?,#NAME?,#NAME?,#NAME?,#NAME?,#NAME?,,,
,,,,#NAME?,#NAME?,#NAME?,#NAME?,#NAME?,#NAME?,,,
,,,,#NAME?,#NAME?,#NAME?,#NAME?,#NAME?,#NAME?,,,
,,,,#NAME?,#NAME?,#NAME?,#NAME?,#NAME?,#NAME?,,,
,,,,#NAME?,#NAME?,#NAME?,#NAME?,#NAME?,#NAME?,,,
,,,,#NAME?,#NAME?,#NAME?,#NAME?,#NAME?,#NAME?,,,
,,,,#NAME?,#NAME?,#NAME?,#NAME?,#NAME?,#NAME?,,,
,,,,#NAME?,#NAME?,#NAME?,#NAME?,#NAME?,#NAME?,,,
,,,,#NAME?,#NAME?,#NAME?,#NAME?,#NAME?,#NAME?,,,
,,,,#NAME?,#NAME?,#NAME?,#NAME?,#NAME?,#NAME?,,,
,,,,#NAME?,#NAME?,#NAME?,#NAME?,#NAME?,#NAME?,,,
,,,,#NAME?,#NAME?,#NAME?,#NAME?,#NAME?,#NAME?,,,
,,,,#NAME?,#NAME?,#NAME?,#NAME?,#NAME?,#NAME?,,,
,,,,#NAME?,#NAME?,#NAME?,#NAME?,#NAME?,#NAME?,,,
,,,,#NAME?,#NAME?,#NAME?,#NAME?,#NAME?,#NAME?,,,
,,,,#NAME?,#NAME?,#NAME?,#NAME?,#NAME?,#NAME?,,,
,,,,#NAME?,#NAME?,#NAME?,#NAME?,#NAME?,#NAME?,,,
,,,,#NAME?,#NAME?,#NAME?,#NAME?,#NAME?,#NAME?,,,
,,,,#NAME?,#NAME?,#NAME?,#NAME?,#NAME?,#NAME?,,,
,,,,#NAME?,#NAME?,#NAME?,#NAME?,#NAME?,#NAME?,,,
,,,,#NAME?,#NAME?,#NAME?,#NAME?,#NAME?,#NAME?,,,
,,,,#NAME?,#NAME?,#NAME?,#NAME?,#NAME?,#NAME?,,,
,,,,#NAME?,#NAME?,#NAME?,#NAME?,#NAME?,#NAME?,,,
,,,,#NAME?,#NAME?,#NAME?,#NAME?,#NAME?,#NAME?,,,
,,,,#NAME?,#NAME?,#NAME?,#NAME?,#NAME?,#NAME?,,,
,,,,#NAME?,#NAME?,#NAME?,#NAME?,#NAME?,#NAME?,,,
,,,,#NAME?,#NAME?,#NAME?,#NAME?,#NAME?,#NAME?,,,
,,,,#NAME?,#NAME?,#NAME?,#NAME?,#NAME?,#NAME?,,,
,,,,#NAME?,#NAME?,#NAME?,#NAME?,#NAME?,#NAME?,,,
,,,,#NAME?,#NAME?,#NAME?,#NAME?,#NAME?,#NAME?,,,
,,,,#NAME?,#NAME?,#NAME?,#NAME?,#NAME?,#NAME?,,,
,,,,#NAME?,#NAME?,#NAME?,#NAME?,#NAME?,#NAME?,,,
,,,,#NAME?,#NAME?,#NAME?,#NAME?,#NAME?,#NAME?,,,
,,,,#NAME?,#NAME?,#NAME?,#NAME?,#NAME?,#NAME?,,,
,,,,#NAME?,#NAME?,#NAME?,#NAME?,#NAME?,#NAME?,,,
,,,,#NAME?,#NAME?,#NAME?,#NAME?,#NAME?,#NAME?,,,
,,,,#NAME?,#NAME?,#NAME?,#NAME?,#NAME?,#NAME?,,,
,,,,#NAME?,#NAME?,#NAME?,#NAME?,#NAME?,#NAME?,,,
,,,,#NAME?,#NAME?,#NAME?,#NAME?,#NAME?,#NAME?,,,
,,,,#NAME?,#NAME?,#NAME?,#NAME?,#NAME?,#NAME?,,,
,,,,#NAME?,#NAME?,#NAME?,#NAME?,#NAME?,#NAME?,,,
,,,,#NAME?,#NAME?,#NAME?,#NAME?,#NAME?,#NAME?,,,
,,,,#NAME?,#NAME?,#NAME?,#NAME?,#NAME?,#NAME?,,,
,,,,#NAME?,#NAME?,#NAME?,#NAME?,#NAME?,#NAME?,,,
,,,,#NAME?,#NAME?,#NAME?,#NAME?,#NAME?,#NAME?,,,
,,,,#NAME?,#NAME?,#NAME?,#NAME?,#NAME?,#NAME?,,,
,,,,#NAME?,#NAME?,#NAME?,#NAME?,#NAME?,#NAME?,,,
,,,,#NAME?,#NAME?,#NAME?,#NAME?,#NAME?,#NAME?,,,
,,,,#NAME?,#NAME?,#NAME?,#NAME?,#NAME?,#NAME?,,,
,,,,#NAME?,#NAME?,#NAME?,#NAME?,#NAME?,#NAME?,,,
,,,,#NAME?,#NAME?,#NAME?,#NAME?,#NAME?,#NAME?,,,
,,,,#NAME?,#NAME?,#NAME?,#NAME?,#NAME?,#NAME?,,,
,,,,#NAME?,#NAME?,#NAME?,#NAME?,#NAME?,#NAME?,,,
,,,,#NAME?,#NAME?,#NAME?,#NAME?,#NAME?,#NAME?,,,
,,,,#NAME?,#NAME?,#NAME?,#NAME?,#NAME?,#NAME?,,,
,,,,#NAME?,#NAME?,#NAME?,#NAME?,#NAME?,#NAME?,,,
,,,,#NAME?,#NAME?,#NAME?,#NAME?,#NAME?,#NAME?,,,
,,,,#NAME?,#NAME?,#NAME?,#NAME?,#NAME?,#NAME?,,,
,,,,#NAME?,#NAME?,#NAME?,#NAME?,#NAME?,#NAME?,,,
,,,,#NAME?,#NAME?,#NAME?,#NAME?,#NAME?,#NAME?,,,
,,,,#NAME?,#NAME?,#NAME?,#NAME?,#NAME?,#NAME?,,,
,,,,#NAME?,#NAME?,#NAME?,#NAME?,#NAME?,#NAME?,,,
,,,,#NAME?,#NAME?,#NAME?,#NAME?,#NAME?,#NAME?,,,
,,,,#NAME?,#NAME?,#NAME?,#NAME?,#NAME?,#NAME?,,,
,,,,#NAME?,#NAME?,#NAME?,#NAME?,#NAME?,#NAME?,,,
,,,,#NAME?,#NAME?,#NAME?,#NAME?,#NAME?,#NAME?,,,
,,,,#NAME?,#NAME?,#NAME?,#NAME?,#NAME?,#NAME?,,,
,,,,#NAME?,#NAME?,#NAME?,#NAME?,#NAME?,#NAME?,,,
,,,,#NAME?,#NAME?,#NAME?,#NAME?,#NAME?,#NAME?,,,
,,,,#NAME?,#NAME?,#NAME?,#NAME?,#NAME?,#NAME?,,,
,,,,#NAME?,#NAME?,#NAME?,#NAME?,#NAME?,#NAME?,,,
,,,,#NAME?,#NAME?,#NAME?,#NAME?,#NAME?,#NAME?,,,
,,,,#NAME?,#NAME?,#NAME?,#NAME?,#NAME?,#NAME?,,,
,,,,#NAME?,#NAME?,#NAME?,#NAME?,#NAME?,#NAME?,,,
,,,,#NAME?,#NAME?,#NAME?,#NAME?,#NAME?,#NAME?,,,
,,,,#NAME?,#NAME?,#NAME?,#NAME?,#NAME?,#NAME?,,,
,,,,#NAME?,#NAME?,#NAME?,#NAME?,#NAME?,#NAME?,,,
,,,,#NAME?,#NAME?,#NAME?,#NAME?,#NAME?,#NAME?,,,
,,,,#NAME?,#NAME?,#NAME?,#NAME?,#NAME?,#NAME?,,,
,,,,#NAME?,#NAME?,#NAME?,#NAME?,#NAME?,#NAME?,,,
,,,,#NAME?,#NAME?,#NAME?,#NAME?,#NAME?,#NAME?,,,
,,,,#NAME?,#NAME?,#NAME?,#NAME?,#NAME?,#NAME?,,,
,,,,#NAME?,#NAME?,#NAME?,#NAME?,#NAME?,#NAME?,,,
,,,,#NAME?,#NAME?,#NAME?,#NAME?,#NAME?,#NAME?,,,
,,,,#NAME?,#NAME?,#NAME?,#NAME?,#NAME?,#NAME?,,,
,,,,#NAME?,#NAME?,#NAME?,#NAME?,#NAME?,#NAME?,,,
,,,,#NAME?,#NAME?,#NAME?,#NAME?,#NAME?,#NAME?,,,
,,,,#NAME?,#NAME?,#NAME?,#NAME?,#NAME?,#NAME?,,,
,,,,#NAME?,#NAME?,#NAME?,#NAME?,#NAME?,#NAME?,,,
,,,,#NAME?,#NAME?,#NAME?,#NAME?,#NAME?,#NAME?,,,
,,,,#NAME?,#NAME?,#NAME?,#NAME?,#NAME?,#NAME?,,,
,,,,#NAME?,#NAME?,#NAME?,#NAME?,#NAME?,#NAME?,,,
,,,,#NAME?,#NAME?,#NAME?,#NAME?,#NAME?,#NAME?,,,
,,,,#NAME?,#NAME?,#NAME?,#NAME?,#NAME?,#NAME?,,,
,,,,#NAME?,#NAME?,#NAME?,#NAME?,#NAME?,#NAME?,,,
,,,,#NAME?,#NAME?,#NAME?,#NAME?,#NAME?,#NAME?,,,
,,,,#NAME?,#NAME?,#NAME?,#NAME?,#NAME?,#NAME?,,,
,,,,#NAME?,#NAME?,#NAME?,#NAME?,#NAME?,#NAME?,,,
,,,,#NAME?,#NAME?,#NAME?,#NAME?,#NAME?,#NAME?,,,
,,,,#NAME?,#NAME?,#NAME?,#NAME?,#NAME?,#NAME?,,,
,,,,#NAME?,#NAME?,#NAME?,#NAME?,#NAME?,#NAME?,,,
,,,,#NAME?,#NAME?,#NAME?,#NAME?,#NAME?,#NAME?,,,
,,,,#NAME?,#NAME?,#NAME?,#NAME?,#NAME?,#NAME?,,,
,,,,#NAME?,#NAME?,#NAME?,#NAME?,#NAME?,#NAME?,,,
,,,,#NAME?,#NAME?,#NAME?,#NAME?,#NAME?,#NAME?,,,
,,,,#NAME?,#NAME?,#NAME?,#NAME?,#NAME?,#NAME?,,,
,,,,#NAME?,#NAME?,#NAME?,#NAME?,#NAME?,#NAME?,,,
,,,,#NAME?,#NAME?,#NAME?,#NAME?,#NAME?,#NAME?,,,
,,,,#NAME?,#NAME?,#NAME?,#NAME?,#NAME?,#NAME?,,,
,,,,#NAME?,#NAME?,#NAME?,#NAME?,#NAME?,#NAME?,,,
,,,,#NAME?,#NAME?,#NAME?,#NAME?,#NAME?,#NAME?,,,
,,,,#NAME?,#NAME?,#NAME?,#NAME?,#NAME?,#NAME?,,,
,,,,#NAME?,#NAME?,#NAME?,#NAME?,#NAME?,#NAME?,,,
,,,,#NAME?,#NAME?,#NAME?,#NAME?,#NAME?,#NAME?,,,
,,,,#NAME?,#NAME?,#NAME?,#NAME?,#NAME?,#NAME?,,,
,,,,#NAME?,#NAME?,#NAME?,#NAME?,#NAME?,#NAME?,,,
,,,,#NAME?,#NAME?,#NAME?,#NAME?,#NAME?,#NAME?,,,
,,,,#NAME?,#NAME?,#NAME?,#NAME?,#NAME?,#NAME?,,,
,,,,#NAME?,#NAME?,#NAME?,#NAME?,#NAME?,#NAME?,,,
,,,,#NAME?,#NAME?,#NAME?,#NAME?,#NAME?,#NAME?,,,
,,,,#NAME?,#NAME?,#NAME?,#NAME?,#NAME?,#NAME?,,,
,,,,#NAME?,#NAME?,#NAME?,#NAME?,#NAME?,#NAME?,,,
,,,,#NAME?,#NAME?,#NAME?,#NAME?,#NAME?,#NAME?,,,
,,,,#NAME?,#NAME?,#NAME?,#NAME?,#NAME?,#NAME?,,,
,,,,#NAME?,#NAME?,#NAME?,#NAME?,#NAME?,#NAME?,,,
,,,,#NAME?,#NAME?,#NAME?,#NAME?,#NAME?,#NAME?,,,
,,,,#NAME?,#NAME?,#NAME?,#NAME?,#NAME?,#NAME?,,,
,,,,#NAME?,#NAME?,#NAME?,#NAME?,#NAME?,#NAME?,,,
,,,,#NAME?,#NAME?,#NAME?,#NAME?,#NAME?,#NAME?,,,
,,,,#NAME?,#NAME?,#NAME?,#NAME?,#NAME?,#NAME?,,,
,,,,#NAME?,#NAME?,#NAME?,#NAME?,#NAME?,#NAME?,,,
,,,,#NAME?,#NAME?,#NAME?,#NAME?,#NAME?,#NAME?,,,
,,,,#NAME?,#NAME?,#NAME?,#NAME?,#NAME?,#NAME?,,,
,,,,#NAME?,#NAME?,#NAME?,#NAME?,#NAME?,#NAME?,,,
,,,,#NAME?,#NAME?,#NAME?,#NAME?,#NAME?,#NAME?,,,
,,,,#NAME?,#NAME?,#NAME?,#NAME?,#NAME?,#NAME?,,,
,,,,#NAME?,#NAME?,#NAME?,#NAME?,#NAME?,#NAME?,,,
,,,,#NAME?,#NAME?,#NAME?,#NAME?,#NAME?,#NAME?,,,
,,,,#NAME?,#NAME?,#NAME?,#NAME?,#NAME?,#NAME?,,,
,,,,#NAME?,#NAME?,#NAME?,#NAME?,#NAME?,#NAME?,,,
,,,,#NAME?,#NAME?,#NAME?,#NAME?,#NAME?,#NAME?,,,
,,,,#NAME?,#NAME?,#NAME?,#NAME?,#NAME?,#NAME?,,,
,,,,#NAME?,#NAME?,#NAME?,#NAME?,#NAME?,#NAME?,,,
,,,,#NAME?,#NAME?,#NAME?,#NAME?,#NAME?,#NAME?,,,
,,,,#NAME?,#NAME?,#NAME?,#NAME?,#NAME?,#NAME?,,,
,,,,#NAME?,#NAME?,#NAME?,#NAME?,#NAME?,#NAME?,,,
,,,,#NAME?,#NAME?,#NAME?,#NAME?,#NAME?,#NAME?,,,
,,,,#NAME?,#NAME?,#NAME?,#NAME?,#NAME?,#NAME?,,,
,,,,#NAME?,#NAME?,#NAME?,#NAME?,#NAME?,#NAME?,,,
,,,,#NAME?,#NAME?,#NAME?,#NAME?,#NAME?,#NAME?,,,
,,,,#NAME?,#NAME?,#NAME?,#NAME?,#NAME?,#NAME?,,,
,,,,#NAME?,#NAME?,#NAME?,#NAME?,#NAME?,#NAME?,,,
,,,,#NAME?,#NAME?,#NAME?,#NAME?,#NAME?,#NAME?,,,
,,,,#NAME?,#NAME?,#NAME?,#NAME?,#NAME?,#NAME?,,,
,,,,#NAME?,#NAME?,#NAME?,#NAME?,#NAME?,#NAME?,,,
,,,,#NAME?,#NAME?,#NAME?,#NAME?,#NAME?,#NAME?,,,
,,,,#NAME?,#NAME?,#NAME?,#NAME?,#NAME?,#NAME?,,,
,,,,#NAME?,#NAME?,#NAME?,#NAME?,#NAME?,#NAME?,,,
,,,,#NAME?,#NAME?,#NAME?,#NAME?,#NAME?,#NAME?,,,
,,,,#NAME?,#NAME?,#NAME?,#NAME?,#NAME?,#NAME?,,,
,,,,#NAME?,#NAME?,#NAME?,#NAME?,#NAME?,#NAME?,,,
,,,,#NAME?,#NAME?,#NAME?,#NAME?,#NAME?,#NAME?,,,
,,,,#NAME?,#NAME?,#NAME?,#NAME?,#NAME?,#NAME?,,,
,,,,#NAME?,#NAME?,#NAME?,#NAME?,#NAME?,#NAME?,,,
,,,,#NAME?,#NAME?,#NAME?,#NAME?,#NAME?,#NAME?,,,
,,,,#NAME?,#NAME?,#NAME?,#NAME?,#NAME?,#NAME?,,,
,,,,#NAME?,#NAME?,#NAME?,#NAME?,#NAME?,#NAME?,,,
,,,,#NAME?,#NAME?,#NAME?,#NAME?,#NAME?,#NAME?,,,
,,,,#NAME?,#NAME?,#NAME?,#NAME?,#NAME?,#NAME?,,,
,,,,#NAME?,#NAME?,#NAME?,#NAME?,#NAME?,#NAME?,,,
,,,,#NAME?,#NAME?,#NAME?,#NAME?,#NAME?,#NAME?,,,
,,,,#NAME?,#NAME?,#NAME?,#NAME?,#NAME?,#NAME?,,,
,,,,#NAME?,#NAME?,#NAME?,#NAME?,#NAME?,#NAME?,,,
,,,,#NAME?,#NAME?,#NAME?,#NAME?,#NAME?,#NAME?,,,
,,,,#NAME?,#NAME?,#NAME?,#NAME?,#NAME?,#NAME?,,,
,,,,#NAME?,#NAME?,#NAME?,#NAME?,#NAME?,#NAME?,,,
,,,,#NAME?,#NAME?,#NAME?,#NAME?,#NAME?,#NAME?,,,
,,,,#NAME?,#NAME?,#NAME?,#NAME?,#NAME?,#NAME?,,,
,,,,#NAME?,#NAME?,#NAME?,#NAME?,#NAME?,#NAME?,,,
,,,,#NAME?,#NAME?,#NAME?,#NAME?,#NAME?,#NAME?,,,
,,,,#NAME?,#NAME?,#NAME?,#NAME?,#NAME?,#NAME?,,,
,,,,#NAME?,#NAME?,#NAME?,#NAME?,#NAME?,#NAME?,,,
,,,,#NAME?,#NAME?,#NAME?,#NAME?,#NAME?,#NAME?,,,
,,,,#NAME?,#NAME?,#NAME?,#NAME?,#NAME?,#NAME?,,,
,,,,#NAME?,#NAME?,#NAME?,#NAME?,#NAME?,#NAME?,,,
,,,,#NAME?,#NAME?,#NAME?,#NAME?,#NAME?,#NAME?,,,
,,,,#NAME?,#NAME?,#NAME?,#NAME?,#NAME?,#NAME?,,,
,,,,#NAME?,#NAME?,#NAME?,#NAME?,#NAME?,#NAME?,,,
,,,,#NAME?,#NAME?,#NAME?,#NAME?,#NAME?,#NAME?,,,
,,,,#NAME?,#NAME?,#NAME?,#NAME?,#NAME?,#NAME?,,,
,,,,#NAME?,#NAME?,#NAME?,#NAME?,#NAME?,#NAME?,,,
,,,,#NAME?,#NAME?,#NAME?,#NAME?,#NAME?,#NAME?,,,
,,,,#NAME?,#NAME?,#NAME?,#NAME?,#NAME?,#NAME?,,,
,,,,#NAME?,#NAME?,#NAME?,#NAME?,#NAME?,#NAME?,,,
,,,,#NAME?,#NAME?,#NAME?,#NAME?,#NAME?,#NAME?,,,
,,,,#NAME?,#NAME?,#NAME?,#NAME?,#NAME?,#NAME?,,,
,,,,#NAME?,#NAME?,#NAME?,#NAME?,#NAME?,#NAME?,,,
,,,,#NAME?,#NAME?,#NAME?,#NAME?,#NAME?,#NAME?,,,
,,,,#NAME?,#NAME?,#NAME?,#NAME?,#NAME?,#NAME?,,,
,,,,#NAME?,#NAME?,#NAME?,#NAME?,#NAME?,#NAME?,,,
,,,,#NAME?,#NAME?,#NAME?,#NAME?,#NAME?,#NAME?,,,
,,,,#NAME?,#NAME?,#NAME?,#NAME?,#NAME?,#NAME?,,,
,,,,#NAME?,#NAME?,#NAME?,#NAME?,#NAME?,#NAME?,,,
,,,,#NAME?,#NAME?,#NAME?,#NAME?,#NAME?,#NAME?,,,
,,,,#NAME?,#NAME?,#NAME?,#NAME?,#NAME?,#NAME?,,,
,,,,#NAME?,#NAME?,#NAME?,#NAME?,#NAME?,#NAME?,,,
,,,,#NAME?,#NAME?,#NAME?,#NAME?,#NAME?,#NAME?,,,
,,,,#NAME?,#NAME?,#NAME?,#NAME?,#NAME?,#NAME?,,,
,,,,#NAME?,#NAME?,#NAME?,#NAME?,#NAME?,#NAME?,,,
,,,,#NAME?,#NAME?,#NAME?,#NAME?,#NAME?,#NAME?,,,
,,,,#NAME?,#NAME?,#NAME?,#NAME?,#NAME?,#NAME?,,,
,,,,#NAME?,#NAME?,#NAME?,#NAME?,#NAME?,#NAME?,,,
,,,,#NAME?,#NAME?,#NAME?,#NAME?,#NAME?,#NAME?,,,
,,,,#NAME?,#NAME?,#NAME?,#NAME?,#NAME?,#NAME?,,,
,,,,#NAME?,#NAME?,#NAME?,#NAME?,#NAME?,#NAME?,,,
,,,,#NAME?,#NAME?,#NAME?,#NAME?,#NAME?,#NAME?,,,
,,,,#NAME?,#NAME?,#NAME?,#NAME?,#NAME?,#NAME?,,,
,,,,#NAME?,#NAME?,#NAME?,#NAME?,#NAME?,#NAME?,,,
,,,,#NAME?,#NAME?,#NAME?,#NAME?,#NAME?,#NAME?,,,
,,,,#NAME?,#NAME?,#NAME?,#NAME?,#NAME?,#NAME?,,,
,,,,#NAME?,#NAME?,#NAME?,#NAME?,#NAME?,#NAME?,,,
,,,,#NAME?,#NAME?,#NAME?,#NAME?,#NAME?,#NAME?,,,
,,,,#NAME?,#NAME?,#NAME?,#NAME?,#NAME?,#NAME?,,,
,,,,#NAME?,#NAME?,#NAME?,#NAME?,#NAME?,#NAME?,,,
,,,,#NAME?,#NAME?,#NAME?,#NAME?,#NAME?,#NAME?,,,
,,,,#NAME?,#NAME?,#NAME?,#NAME?,#NAME?,#NAME?,,,
,,,,#NAME?,#NAME?,#NAME?,#NAME?,#NAME?,#NAME?,,,
,,,,#NAME?,#NAME?,#NAME?,#NAME?,#NAME?,#NAME?,,,
,,,,#NAME?,#NAME?,#NAME?,#NAME?,#NAME?,#NAME?,,,
,,,,#NAME?,#NAME?,#NAME?,#NAME?,#NAME?,#NAME?,,,
,,,,#NAME?,#NAME?,#NAME?,#NAME?,#NAME?,#NAME?,,,
,,,,#NAME?,#NAME?,#NAME?,#NAME?,#NAME?,#NAME?,,,
,,,,#NAME?,#NAME?,#NAME?,#NAME?,#NAME?,#NAME?,,,
,,,,#NAME?,#NAME?,#NAME?,#NAME?,#NAME?,#NAME?,,,
,,,,#NAME?,#NAME?,#NAME?,#NAME?,#NAME?,#NAME?,,,
,,,,#NAME?,#NAME?,#NAME?,#NAME?,#NAME?,#NAME?,,,
,,,,#NAME?,#NAME?,#NAME?,#NAME?,#NAME?,#NAME?,,,
,,,,#NAME?,#NAME?,#NAME?,#NAME?,#NAME?,#NAME?,,,
,,,,#NAME?,#NAME?,#NAME?,#NAME?,#NAME?,#NAME?,,,
,,,,#NAME?,#NAME?,#NAME?,#NAME?,#NAME?,#NAME?,,,
,,,,#NAME?,#NAME?,#NAME?,#NAME?,#NAME?,#NAME?,,,
,,,,#NAME?,#NAME?,#NAME?,#NAME?,#NAME?,#NAME?,,,
,,,,#NAME?,#NAME?,#NAME?,#NAME?,#NAME?,#NAME?,,,
,,,,#NAME?,#NAME?,#NAME?,#NAME?,#NAME?,#NAME?,,,
,,,,#NAME?,#NAME?,#NAME?,#NAME?,#NAME?,#NAME?,,,
,,,,#NAME?,#NAME?,#NAME?,#NAME?,#NAME?,#NAME?,,,
,,,,#NAME?,#NAME?,#NAME?,#NAME?,#NAME?,#NAME?,,,
,,,,#NAME?,#NAME?,#NAME?,#NAME?,#NAME?,#NAME?,,,
,,,,#NAME?,#NAME?,#NAME?,#NAME?,#NAME?,#NAME?,,,
,,,,#NAME?,#NAME?,#NAME?,#NAME?,#NAME?,#NAME?,,,
,,,,#NAME?,#NAME?,#NAME?,#NAME?,#NAME?,#NAME?,,,
,,,,#NAME?,#NAME?,#NAME?,#NAME?,#NAME?,#NAME?,,,
,,,,#NAME?,#NAME?,#NAME?,#NAME?,#NAME?,#NAME?,,,
,,,,#NAME?,#NAME?,#NAME?,#NAME?,#NAME?,#NAME?,,,
,,,,#NAME?,#NAME?,#NAME?,#NAME?,#NAME?,#NAME?,,,
,,,,#NAME?,#NAME?,#NAME?,#NAME?,#NAME?,#NAME?,,,
,,,,#NAME?,#NAME?,#NAME?,#NAME?,#NAME?,#NAME?,,,
,,,,#NAME?,#NAME?,#NAME?,#NAME?,#NAME?,#NAME?,,,
,,,,#NAME?,#NAME?,#NAME?,#NAME?,#NAME?,#NAME?,,,
,,,,#NAME?,#NAME?,#NAME?,#NAME?,#NAME?,#NAME?,,,
,,,,#NAME?,#NAME?,#NAME?,#NAME?,#NAME?,#NAME?,,,
,,,,#NAME?,#NAME?,#NAME?,#NAME?,#NAME?,#NAME?,,,
,,,,#NAME?,#NAME?,#NAME?,#NAME?,#NAME?,#NAME?,,,
,,,,#NAME?,#NAME?,#NAME?,#NAME?,#NAME?,#NAME?,,,
,,,,#NAME?,#NAME?,#NAME?,#NAME?,#NAME?,#NAME?,,,
,,,,#NAME?,#NAME?,#NAME?,#NAME?,#NAME?,#NAME?,,,
,,,,#NAME?,#NAME?,#NAME?,#NAME?,#NAME?,#NAME?,,,
,,,,#NAME?,#NAME?,#NAME?,#NAME?,#NAME?,#NAME?,,,
,,,,#NAME?,#NAME?,#NAME?,#NAME?,#NAME?,#NAME?,,,
,,,,#NAME?,#NAME?,#NAME?,#NAME?,#NAME?,#NAME?,,,
,,,,#NAME?,#NAME?,#NAME?,#NAME?,#NAME?,#NAME?,,,
,,,,#NAME?,#NAME?,#NAME?,#NAME?,#NAME?,#NAME?,,,
,,,,#NAME?,#NAME?,#NAME?,#NAME?,#NAME?,#NAME?,,,
,,,,#NAME?,#NAME?,#NAME?,#NAME?,#NAME?,#NAME?,,,
,,,,#NAME?,#NAME?,#NAME?,#NAME?,#NAME?,#NAME?,,,
,,,,#NAME?,#NAME?,#NAME?,#NAME?,#NAME?,#NAME?,,,
,,,,#NAME?,#NAME?,#NAME?,#NAME?,#NAME?,#NAME?,,,
,,,,#NAME?,#NAME?,#NAME?,#NAME?,#NAME?,#NAME?,,,
,,,,#NAME?,#NAME?,#NAME?,#NAME?,#NAME?,#NAME?,,,
,,,,#NAME?,#NAME?,#NAME?,#NAME?,#NAME?,#NAME?,,,
,,,,#NAME?,#NAME?,#NAME?,#NAME?,#NAME?,#NAME?,,,
,,,,#NAME?,#NAME?,#NAME?,#NAME?,#NAME?,#NAME?,,,
,,,,#NAME?,#NAME?,#NAME?,#NAME?,#NAME?,#NAME?,,,
,,,,#NAME?,#NAME?,#NAME?,#NAME?,#NAME?,#NAME?,,,
,,,,#NAME?,#NAME?,#NAME?,#NAME?,#NAME?,#NAME?,,,
,,,,#NAME?,#NAME?,#NAME?,#NAME?,#NAME?,#NAME?,,,
,,,,#NAME?,#NAME?,#NAME?,#NAME?,#NAME?,#NAME?,,,
,,,,#NAME?,#NAME?,#NAME?,#NAME?,#NAME?,#NAME?,,,
,,,,#NAME?,#NAME?,#NAME?,#NAME?,#NAME?,#NAME?,,,
,,,,#NAME?,#NAME?,#NAME?,#NAME?,#NAME?,#NAME?,,,
,,,,#NAME?,#NAME?,#NAME?,#NAME?,#NAME?,#NAME?,,,
,,,,#NAME?,#NAME?,#NAME?,#NAME?,#NAME?,#NAME?,,,
,,,,#NAME?,#NAME?,#NAME?,#NAME?,#NAME?,#NAME?,,,
,,,,#NAME?,#NAME?,#NAME?,#NAME?,#NAME?,#NAME?,,,
,,,,#NAME?,#NAME?,#NAME?,#NAME?,#NAME?,#NAME?,,,
,,,,#NAME?,#NAME?,#NAME?,#NAME?,#NAME?,#NAME?,,,
,,,,#NAME?,#NAME?,#NAME?,#NAME?,#NAME?,#NAME?,,,
,,,,#NAME?,#NAME?,#NAME?,#NAME?,#NAME?,#NAME?,,,
,,,,#NAME?,#NAME?,#NAME?,#NAME?,#NAME?,#NAME?,,,
,,,,#NAME?,#NAME?,#NAME?,#NAME?,#NAME?,#NAME?,,,
,,,,#NAME?,#NAME?,#NAME?,#NAME?,#NAME?,#NAME?,,,
,,,,#NAME?,#NAME?,#NAME?,#NAME?,#NAME?,#NAME?,,,
,,,,#NAME?,#NAME?,#NAME?,#NAME?,#NAME?,#NAME?,,,
,,,,#NAME?,#NAME?,#NAME?,#NAME?,#NAME?,#NAME?,,,
,,,,#NAME?,#NAME?,#NAME?,#NAME?,#NAME?,#NAME?,,,
,,,,#NAME?,#NAME?,#NAME?,#NAME?,#NAME?,#NAME?,,,
,,,,#NAME?,#NAME?,#NAME?,#NAME?,#NAME?,#NAME?,,,
,,,,#NAME?,#NAME?,#NAME?,#NAME?,#NAME?,#NAME?,,,
,,,,#NAME?,#NAME?,#NAME?,#NAME?,#NAME?,#NAME?,,,
,,,,#NAME?,#NAME?,#NAME?,#NAME?,#NAME?,#NAME?,,,
,,,,#NAME?,#NAME?,#NAME?,#NAME?,#NAME?,#NAME?,,,
,,,,#NAME?,#NAME?,#NAME?,#NAME?,#NAME?,#NAME?,,,
,,,,#NAME?,#NAME?,#NAME?,#NAME?,#NAME?,#NAME?,,,
,,,,#NAME?,#NAME?,#NAME?,#NAME?,#NAME?,#NAME?,,,
,,,,#NAME?,#NAME?,#NAME?,#NAME?,#NAME?,#NAME?,,,
,,,,#NAME?,#NAME?,#NAME?,#NAME?,#NAME?,#NAME?,,,
,,,,#NAME?,#NAME?,#NAME?,#NAME?,#NAME?,#NAME?,,,
,,,,#NAME?,#NAME?,#NAME?,#NAME?,#NAME?,#NAME?,,,
,,,,#NAME?,#NAME?,#NAME?,#NAME?,#NAME?,#NAME?,,,
,,,,#NAME?,#NAME?,#NAME?,#NAME?,#NAME?,#NAME?,,,
,,,,#NAME?,#NAME?,#NAME?,#NAME?,#NAME?,#NAME?,,,
,,,,#NAME?,#NAME?,#NAME?,#NAME?,#NAME?,#NAME?,,,
,,,,#NAME?,#NAME?,#NAME?,#NAME?,#NAME?,#NAME?,,,
,,,,#NAME?,#NAME?,#NAME?,#NAME?,#NAME?,#NAME?,,,
,,,,#NAME?,#NAME?,#NAME?,#NAME?,#NAME?,#NAME?,,,
,,,,#NAME?,#NAME?,#NAME?,#NAME?,#NAME?,#NAME?,,,
,,,,#NAME?,#NAME?,#NAME?,#NAME?,#NAME?,#NAME?,,,
,,,,#NAME?,#NAME?,#NAME?,#NAME?,#NAME?,#NAME?,,,
,,,,#NAME?,#NAME?,#NAME?,#NAME?,#NAME?,#NAME?,,,
,,,,#NAME?,#NAME?,#NAME?,#NAME?,#NAME?,#NAME?,,,
,,,,#NAME?,#NAME?,#NAME?,#NAME?,#NAME?,#NAME?,,,
,,,,#NAME?,#NAME?,#NAME?,#NAME?,#NAME?,#NAME?,,,
,,,,#NAME?,#NAME?,#NAME?,#NAME?,#NAME?,#NAME?,,,
,,,,#NAME?,#NAME?,#NAME?,#NAME?,#NAME?,#NAME?,,,
,,,,#NAME?,#NAME?,#NAME?,#NAME?,#NAME?,#NAME?,,,
,,,,#NAME?,#NAME?,#NAME?,#NAME?,#NAME?,#NAME?,,,
,,,,#NAME?,#NAME?,#NAME?,#NAME?,#NAME?,#NAME?,,,
,,,,#NAME?,#NAME?,#NAME?,#NAME?,#NAME?,#NAME?,,,
,,,,#NAME?,#NAME?,#NAME?,#NAME?,#NAME?,#NAME?,,,
,,,,#NAME?,#NAME?,#NAME?,#NAME?,#NAME?,#NAME?,,,
,,,,#NAME?,#NAME?,#NAME?,#NAME?,#NAME?,#NAME?,,,
,,,,#NAME?,#NAME?,#NAME?,#NAME?,#NAME?,#NAME?,,,
,,,,#NAME?,#NAME?,#NAME?,#NAME?,#NAME?,#NAME?,,,
,,,,#NAME?,#NAME?,#NAME?,#NAME?,#NAME?,#NAME?,,,
,,,,#NAME?,#NAME?,#NAME?,#NAME?,#NAME?,#NAME?,,,
,,,,#NAME?,#NAME?,#NAME?,#NAME?,#NAME?,#NAME?,,,
,,,,#NAME?,#NAME?,#NAME?,#NAME?,#NAME?,#NAME?,,,
,,,,#NAME?,#NAME?,#NAME?,#NAME?,#NAME?,#NAME?,,,
,,,,#NAME?,#NAME?,#NAME?,#NAME?,#NAME?,#NAME?,,,
,,,,#NAME?,#NAME?,#NAME?,#NAME?,#NAME?,#NAME?,,,
,,,,#NAME?,#NAME?,#NAME?,#NAME?,#NAME?,#NAME?,,,
,,,,#NAME?,#NAME?,#NAME?,#NAME?,#NAME?,#NAME?,,,
,,,,#NAME?,#NAME?,#NAME?,#NAME?,#NAME?,#NAME?,,,
,,,,#NAME?,#NAME?,#NAME?,#NAME?,#NAME?,#NAME?,,,
,,,,#NAME?,#NAME?,#NAME?,#NAME?,#NAME?,#NAME?,,,
,,,,#NAME?,#NAME?,#NAME?,#NAME?,#NAME?,#NAME?,,,
,,,,#NAME?,#NAME?,#NAME?,#NAME?,#NAME?,#NAME?,,,
,,,,#NAME?,#NAME?,#NAME?,#NAME?,#NAME?,#NAME?,,,
,,,,#NAME?,#NAME?,#NAME?,#NAME?,#NAME?,#NAME?,,,
,,,,#NAME?,#NAME?,#NAME?,#NAME?,#NAME?,#NAME?,,,
,,,,#NAME?,#NAME?,#NAME?,#NAME?,#NAME?,#NAME?,,,
,,,,#NAME?,#NAME?,#NAME?,#NAME?,#NAME?,#NAME?,,,
,,,,#NAME?,#NAME?,#NAME?,#NAME?,#NAME?,#NAME?,,,
,,,,#NAME?,#NAME?,#NAME?,#NAME?,#NAME?,#NAME?,,,
,,,,#NAME?,#NAME?,#NAME?,#NAME?,#NAME?,#NAME?,,,
,,,,#NAME?,#NAME?,#NAME?,#NAME?,#NAME?,#NAME?,,,
,,,,#NAME?,#NAME?,#NAME?,#NAME?,#NAME?,#NAME?,,,
,,,,#NAME?,#NAME?,#NAME?,#NAME?,#NAME?,#NAME?,,,
,,,,#NAME?,#NAME?,#NAME?,#NAME?,#NAME?,#NAME?,,,
,,,,#NAME?,#NAME?,#NAME?,#NAME?,#NAME?,#NAME?,,,
,,,,#NAME?,#NAME?,#NAME?,#NAME?,#NAME?,#NAME?,,,
,,,,#NAME?,#NAME?,#NAME?,#NAME?,#NAME?,#NAME?,,,
,,,,#NAME?,#NAME?,#NAME?,#NAME?,#NAME?,#NAME?,,,
,,,,#NAME?,#NAME?,#NAME?,#NAME?,#NAME?,#NAME?,,,
,,,,#NAME?,#NAME?,#NAME?,#NAME?,#NAME?,#NAME?,,,
,,,,#NAME?,#NAME?,#NAME?,#NAME?,#NAME?,#NAME?,,,
,,,,#NAME?,#NAME?,#NAME?,#NAME?,#NAME?,#NAME?,,,
,,,,#NAME?,#NAME?,#NAME?,#NAME?,#NAME?,#NAME?,,,
,,,,#NAME?,#NAME?,#NAME?,#NAME?,#NAME?,#NAME?,,,
,,,,#NAME?,#NAME?,#NAME?,#NAME?,#NAME?,#NAME?,,,
,,,,#NAME?,#NAME?,#NAME?,#NAME?,#NAME?,#NAME?,,,
,,,,#NAME?,#NAME?,#NAME?,#NAME?,#NAME?,#NAME?,,,
,,,,#NAME?,#NAME?,#NAME?,#NAME?,#NAME?,#NAME?,,,
,,,,#NAME?,#NAME?,#NAME?,#NAME?,#NAME?,#NAME?,,,
,,,,#NAME?,#NAME?,#NAME?,#NAME?,#NAME?,#NAME?,,,
,,,,#NAME?,#NAME?,#NAME?,#NAME?,#NAME?,#NAME?,,,
,,,,#NAME?,#NAME?,#NAME?,#NAME?,#NAME?,#NAME?,,,
,,,,#NAME?,#NAME?,#NAME?,#NAME?,#NAME?,#NAME?,,,
,,,,#NAME?,#NAME?,#NAME?,#NAME?,#NAME?,#NAME?,,,
,,,,#NAME?,#NAME?,#NAME?,#NAME?,#NAME?,#NAME?,,,
,,,,#NAME?,#NAME?,#NAME?,#NAME?,#NAME?,#NAME?,,,
,,,,#NAME?,#NAME?,#NAME?,#NAME?,#NAME?,#NAME?,,,
,,,,#NAME?,#NAME?,#NAME?,#NAME?,#NAME?,#NAME?,,,
,,,,#NAME?,#NAME?,#NAME?,#NAME?,#NAME?,#NAME?,,,
,,,,#NAME?,#NAME?,#NAME?,#NAME?,#NAME?,#NAME?,,,
,,,,#NAME?,#NAME?,#NAME?,#NAME?,#NAME?,#NAME?,,,
,,,,#NAME?,#NAME?,#NAME?,#NAME?,#NAME?,#NAME?,,,
,,,,#NAME?,#NAME?,#NAME?,#NAME?,#NAME?,#NAME?,,,
,,,,#NAME?,#NAME?,#NAME?,#NAME?,#NAME?,#NAME?,,,
,,,,#NAME?,#NAME?,#NAME?,#NAME?,#NAME?,#NAME?,,,
,,,,#NAME?,#NAME?,#NAME?,#NAME?,#NAME?,#NAME?,,,
,,,,#NAME?,#NAME?,#NAME?,#NAME?,#NAME?,#NAME?,,,
,,,,#NAME?,#NAME?,#NAME?,#NAME?,#NAME?,#NAME?,,,
,,,,#NAME?,#NAME?,#NAME?,#NAME?,#NAME?,#NAME?,,,
,,,,#NAME?,#NAME?,#NAME?,#NAME?,#NAME?,#NAME?,,,
,,,,#NAME?,#NAME?,#NAME?,#NAME?,#NAME?,#NAME?,,,
,,,,#NAME?,#NAME?,#NAME?,#NAME?,#NAME?,#NAME?,,,
,,,,#NAME?,#NAME?,#NAME?,#NAME?,#NAME?,#NAME?,,,
,,,,#NAME?,#NAME?,#NAME?,#NAME?,#NAME?,#NAME?,,,
,,,,#NAME?,#NAME?,#NAME?,#NAME?,#NAME?,#NAME?,,,
,,,,#NAME?,#NAME?,#NAME?,#NAME?,#NAME?,#NAME?,,,
,,,,#NAME?,#NAME?,#NAME?,#NAME?,#NAME?,#NAME?,,,
,,,,#NAME?,#NAME?,#NAME?,#NAME?,#NAME?,#NAME?,,,
,,,,#NAME?,#NAME?,#NAME?,#NAME?,#NAME?,#NAME?,,,
,,,,#NAME?,#NAME?,#NAME?,#NAME?,#NAME?,#NAME?,,,
,,,,#NAME?,#NAME?,#NAME?,#NAME?,#NAME?,#NAME?,,,
,,,,#NAME?,#NAME?,#NAME?,#NAME?,#NAME?,#NAME?,,,
,,,,#NAME?,#NAME?,#NAME?,#NAME?,#NAME?,#NAME?,,,
,,,,#NAME?,#NAME?,#NAME?,#NAME?,#NAME?,#NAME?,,,
,,,,#NAME?,#NAME?,#NAME?,#NAME?,#NAME?,#NAME?,,,
,,,,#NAME?,#NAME?,#NAME?,#NAME?,#NAME?,#NAME?,,,
,,,,#NAME?,#NAME?,#NAME?,#NAME?,#NAME?,#NAME?,,,
,,,,#NAME?,#NAME?,#NAME?,#NAME?,#NAME?,#NAME?,,,
,,,,#NAME?,#NAME?,#NAME?,#NAME?,#NAME?,#NAME?,,,
,,,,#NAME?,#NAME?,#NAME?,#NAME?,#NAME?,#NAME?,,,
,,,,#NAME?,#NAME?,#NAME?,#NAME?,#NAME?,#NAME?,,,
,,,,#NAME?,#NAME?,#NAME?,#NAME?,#NAME?,#NAME?,,,
,,,,#NAME?,#NAME?,#NAME?,#NAME?,#NAME?,#NAME?,,,
,,,,#NAME?,#NAME?,#NAME?,#NAME?,#NAME?,#NAME?,,,
,,,,#NAME?,#NAME?,#NAME?,#NAME?,#NAME?,#NAME?,,,
,,,,#NAME?,#NAME?,#NAME?,#NAME?,#NAME?,#NAME?,,,
,,,,#NAME?,#NAME?,#NAME?,#NAME?,#NAME?,#NAME?,,,
,,,,#NAME?,#NAME?,#NAME?,#NAME?,#NAME?,#NAME?,,,
,,,,#NAME?,#NAME?,#NAME?,#NAME?,#NAME?,#NAME?,,,
,,,,#NAME?,#NAME?,#NAME?,#NAME?,#NAME?,#NAME?,,,
,,,,#NAME?,#NAME?,#NAME?,#NAME?,#NAME?,#NAME?,,,
,,,,#NAME?,#NAME?,#NAME?,#NAME?,#NAME?,#NAME?,,,
,,,,#NAME?,#NAME?,#NAME?,#NAME?,#NAME?,#NAME?,,,
,,,,#NAME?,#NAME?,#NAME?,#NAME?,#NAME?,#NAME?,,,
,,,,#NAME?,#NAME?,#NAME?,#NAME?,#NAME?,#NAME?,,,
,,,,#NAME?,#NAME?,#NAME?,#NAME?,#NAME?,#NAME?,,,
,,,,#NAME?,#NAME?,#NAME?,#NAME?,#NAME?,#NAME?,,,
,,,,#NAME?,#NAME?,#NAME?,#NAME?,#NAME?,#NAME?,,,
,,,,#NAME?,#NAME?,#NAME?,#NAME?,#NAME?,#NAME?,,,
,,,,#NAME?,#NAME?,#NAME?,#NAME?,#NAME?,#NAME?,,,
,,,,#NAME?,#NAME?,#NAME?,#NAME?,#NAME?,#NAME?,,,
,,,,#NAME?,#NAME?,#NAME?,#NAME?,#NAME?,#NAME?,,,
,,,,#NAME?,#NAME?,#NAME?,#NAME?,#NAME?,#NAME?,,,
,,,,#NAME?,#NAME?,#NAME?,#NAME?,#NAME?,#NAME?,,,
,,,,#NAME?,#NAME?,#NAME?,#NAME?,#NAME?,#NAME?,,,
,,,,#NAME?,#NAME?,#NAME?,#NAME?,#NAME?,#NAME?,,,
,,,,#NAME?,#NAME?,#NAME?,#NAME?,#NAME?,#NAME?,,,
,,,,#NAME?,#NAME?,#NAME?,#NAME?,#NAME?,#NAME?,,,
,,,,#NAME?,#NAME?,#NAME?,#NAME?,#NAME?,#NAME?,,,
,,,,#NAME?,#NAME?,#NAME?,#NAME?,#NAME?,#NAME?,,,
,,,,#NAME?,#NAME?,#NAME?,#NAME?,#NAME?,#NAME?,,,
,,,,#NAME?,#NAME?,#NAME?,#NAME?,#NAME?,#NAME?,,,
,,,,#NAME?,#NAME?,#NAME?,#NAME?,#NAME?,#NAME?,,,
,,,,#NAME?,#NAME?,#NAME?,#NAME?,#NAME?,#NAME?,,,
,,,,#NAME?,#NAME?,#NAME?,#NAME?,#NAME?,#NAME?,,,
,,,,#NAME?,#NAME?,#NAME?,#NAME?,#NAME?,#NAME?,,,
,,,,#NAME?,#NAME?,#NAME?,#NAME?,#NAME?,#NAME?,,,
,,,,#NAME?,#NAME?,#NAME?,#NAME?,#NAME?,#NAME?,,,
,,,,#NAME?,#NAME?,#NAME?,#NAME?,#NAME?,#NAME?,,,
,,,,#NAME?,#NAME?,#NAME?,#NAME?,#NAME?,#NAME?,,,
,,,,#NAME?,#NAME?,#NAME?,#NAME?,#NAME?,#NAME?,,,
,,,,#NAME?,#NAME?,#NAME?,#NAME?,#NAME?,#NAME?,,,
,,,,#NAME?,#NAME?,#NAME?,#NAME?,#NAME?,#NAME?,,,
,,,,#NAME?,#NAME?,#NAME?,#NAME?,#NAME?,#NAME?,,,
,,,,#NAME?,#NAME?,#NAME?,#NAME?,#NAME?,#NAME?,,,
,,,,#NAME?,#NAME?,#NAME?,#NAME?,#NAME?,#NAME?,,,
,,,,#NAME?,#NAME?,#NAME?,#NAME?,#NAME?,#NAME?,,,
,,,,#NAME?,#NAME?,#NAME?,#NAME?,#NAME?,#NAME?,,,
,,,,#NAME?,#NAME?,#NAME?,#NAME?,#NAME?,#NAME?,,,
,,,,#NAME?,#NAME?,#NAME?,#NAME?,#NAME?,#NAME?,,,
,,,,#NAME?,#NAME?,#NAME?,#NAME?,#NAME?,#NAME?,,,
,,,,#NAME?,#NAME?,#NAME?,#NAME?,#NAME?,#NAME?,,,
,,,,#NAME?,#NAME?,#NAME?,#NAME?,#NAME?,#NAME?,,,
,,,,#NAME?,#NAME?,#NAME?,#NAME?,#NAME?,#NAME?,,,
,,,,#NAME?,#NAME?,#NAME?,#NAME?,#NAME?,#NAME?,,,
,,,,#NAME?,#NAME?,#NAME?,#NAME?,#NAME?,#NAME?,,,
,,,,#NAME?,#NAME?,#NAME?,#NAME?,#NAME?,#NAME?,,,
,,,,#NAME?,#NAME?,#NAME?,#NAME?,#NAME?,#NAME?,,,
,,,,#NAME?,#NAME?,#NAME?,#NAME?,#NAME?,#NAME?,,,
,,,,#NAME?,#NAME?,#NAME?,#NAME?,#NAME?,#NAME?,,,
,,,,#NAME?,#NAME?,#NAME?,#NAME?,#NAME?,#NAME?,,,
,,,,#NAME?,#NAME?,#NAME?,#NAME?,#NAME?,#NAME?,,,
,,,,#NAME?,#NAME?,#NAME?,#NAME?,#NAME?,#NAME?,,,
,,,,#NAME?,#NAME?,#NAME?,#NAME?,#NAME?,#NAME?,,,
,,,,#NAME?,#NAME?,#NAME?,#NAME?,#NAME?,#NAME?,,,
,,,,#NAME?,#NAME?,#NAME?,#NAME?,#NAME?,#NAME?,,,
,,,,#NAME?,#NAME?,#NAME?,#NAME?,#NAME?,#NAME?,,,
,,,,#NAME?,#NAME?,#NAME?,#NAME?,#NAME?,#NAME?,,,
,,,,#NAME?,#NAME?,#NAME?,#NAME?,#NAME?,#NAME?,,,
,,,,#NAME?,#NAME?,#NAME?,#NAME?,#NAME?,#NAME?,,,
,,,,#NAME?,#NAME?,#NAME?,#NAME?,#NAME?,#NAME?,,,
,,,,#NAME?,#NAME?,#NAME?,#NAME?,#NAME?,#NAME?,,,
,,,,#NAME?,#NAME?,#NAME?,#NAME?,#NAME?,#NAME?,,,
,,,,#NAME?,#NAME?,#NAME?,#NAME?,#NAME?,#NAME?,,,
,,,,#NAME?,#NAME?,#NAME?,#NAME?,#NAME?,#NAME?,,,
,,,,#NAME?,#NAME?,#NAME?,#NAME?,#NAME?,#NAME?,,,
,,,,#NAME?,#NAME?,#NAME?,#NAME?,#NAME?,#NAME?,,,
,,,,#NAME?,#NAME?,#NAME?,#NAME?,#NAME?,#NAME?,,,
,,,,#NAME?,#NAME?,#NAME?,#NAME?,#NAME?,#NAME?,,,
,,,,#NAME?,#NAME?,#NAME?,#NAME?,#NAME?,#NAME?,,,
,,,,#NAME?,#NAME?,#NAME?,#NAME?,#NAME?,#NAME?,,,
,,,,#NAME?,#NAME?,#NAME?,#NAME?,#NAME?,#NAME?,,,
,,,,#NAME?,#NAME?,#NAME?,#NAME?,#NAME?,#NAME?,,,
,,,,#NAME?,#NAME?,#NAME?,#NAME?,#NAME?,#NAME?,,,
,,,,#NAME?,#NAME?,#NAME?,#NAME?,#NAME?,#NAME?,,,
,,,,#NAME?,#NAME?,#NAME?,#NAME?,#NAME?,#NAME?,,,
,,,,#NAME?,#NAME?,#NAME?,#NAME?,#NAME?,#NAME?,,,
,,,,#NAME?,#NAME?,#NAME?,#NAME?,#NAME?,#NAME?,,,
,,,,#NAME?,#NAME?,#NAME?,#NAME?,#NAME?,#NAME?,,,
,,,,#NAME?,#NAME?,#NAME?,#NAME?,#NAME?,#NAME?,,,
,,,,#NAME?,#NAME?,#NAME?,#NAME?,#NAME?,#NAME?,,,
,,,,#NAME?,#NAME?,#NAME?,#NAME?,#NAME?,#NAME?,,,
,,,,#NAME?,#NAME?,#NAME?,#NAME?,#NAME?,#NAME?,,,
,,,,#NAME?,#NAME?,#NAME?,#NAME?,#NAME?,#NAME?,,,
,,,,#NAME?,#NAME?,#NAME?,#NAME?,#NAME?,#NAME?,,,
,,,,#NAME?,#NAME?,#NAME?,#NAME?,#NAME?,#NAME?,,,
,,,,#NAME?,#NAME?,#NAME?,#NAME?,#NAME?,#NAME?,,,
,,,,#NAME?,#NAME?,#NAME?,#NAME?,#NAME?,#NAME?,,,
,,,,#NAME?,#NAME?,#NAME?,#NAME?,#NAME?,#NAME?,,,
,,,,#NAME?,#NAME?,#NAME?,#NAME?,#NAME?,#NAME?,,,
,,,,#NAME?,#NAME?,#NAME?,#NAME?,#NAME?,#NAME?,,,
,,,,#NAME?,#NAME?,#NAME?,#NAME?,#NAME?,#NAME?,,,
,,,,#NAME?,#NAME?,#NAME?,#NAME?,#NAME?,#NAME?,,,
,,,,#NAME?,#NAME?,#NAME?,#NAME?,#NAME?,#NAME?,,,
,,,,#NAME?,#NAME?,#NAME?,#NAME?,#NAME?,#NAME?,,,
,,,,#NAME?,#NAME?,#NAME?,#NAME?,#NAME?,#NAME?,,,
,,,,#NAME?,#NAME?,#NAME?,#NAME?,#NAME?,#NAME?,,,
,,,,#NAME?,#NAME?,#NAME?,#NAME?,#NAME?,#NAME?,,,
,,,,#NAME?,#NAME?,#NAME?,#NAME?,#NAME?,#NAME?,,,
,,,,#NAME?,#NAME?,#NAME?,#NAME?,#NAME?,#NAME?,,,
,,,,#NAME?,#NAME?,#NAME?,#NAME?,#NAME?,#NAME?,,,
,,,,#NAME?,#NAME?,#NAME?,#NAME?,#NAME?,#NAME?,,,
,,,,#NAME?,#NAME?,#NAME?,#NAME?,#NAME?,#NAME?,,,
,,,,#NAME?,#NAME?,#NAME?,#NAME?,#NAME?,#NAME?,,,
,,,,#NAME?,#NAME?,#NAME?,#NAME?,#NAME?,#NAME?,,,
,,,,#NAME?,#NAME?,#NAME?,#NAME?,#NAME?,#NAME?,,,
,,,,#NAME?,#NAME?,#NAME?,#NAME?,#NAME?,#NAME?,,,
,,,,#NAME?,#NAME?,#NAME?,#NAME?,#NAME?,#NAME?,,,
,,,,#NAME?,#NAME?,#NAME?,#NAME?,#NAME?,#NAME?,,,
,,,,#NAME?,#NAME?,#NAME?,#NAME?,#NAME?,#NAME?,,,
,,,,#NAME?,#NAME?,#NAME?,#NAME?,#NAME?,#NAME?,,,
,,,,#NAME?,#NAME?,#NAME?,#NAME?,#NAME?,#NAME?,,,
,,,,#NAME?,#NAME?,#NAME?,#NAME?,#NAME?,#NAME?,,,
,,,,#NAME?,#NAME?,#NAME?,#NAME?,#NAME?,#NAME?,,,
,,,,#NAME?,#NAME?,#NAME?,#NAME?,#NAME?,#NAME?,,,
,,,,#NAME?,#NAME?,#NAME?,#NAME?,#NAME?,#NAME?,,,
,,,,#NAME?,#NAME?,#NAME?,#NAME?,#NAME?,#NAME?,,,
,,,,#NAME?,#NAME?,#NAME?,#NAME?,#NAME?,#NAME?,,,
,,,,#NAME?,#NAME?,#NAME?,#NAME?,#NAME?,#NAME?,,,
,,,,#NAME?,#NAME?,#NAME?,#NAME?,#NAME?,#NAME?,,,
,,,,#NAME?,#NAME?,#NAME?,#NAME?,#NAME?,#NAME?,,,
,,,,#NAME?,#NAME?,#NAME?,#NAME?,#NAME?,#NAME?,,,
,,,,#NAME?,#NAME?,#NAME?,#NAME?,#NAME?,#NAME?,,,
,,,,#NAME?,#NAME?,#NAME?,#NAME?,#NAME?,#NAME?,,,
,,,,#NAME?,#NAME?,#NAME?,#NAME?,#NAME?,#NAME?,,,
,,,,#NAME?,#NAME?,#NAME?,#NAME?,#NAME?,#NAME?,,,
,,,,#NAME?,#NAME?,#NAME?,#NAME?,#NAME?,#NAME?,,,
,,,,#NAME?,#NAME?,#NAME?,#NAME?,#NAME?,#NAME?,,,
,,,,#NAME?,#NAME?,#NAME?,#NAME?,#NAME?,#NAME?,,,
,,,,#NAME?,#NAME?,#NAME?,#NAME?,#NAME?,#NAME?,,,
,,,,#NAME?,#NAME?,#NAME?,#NAME?,#NAME?,#NAME?,,,
,,,,#NAME?,#NAME?,#NAME?,#NAME?,#NAME?,#NAME?,,,
,,,,#NAME?,#NAME?,#NAME?,#NAME?,#NAME?,#NAME?,,,
,,,,#NAME?,#NAME?,#NAME?,#NAME?,#NAME?,#NAME?,,,
,,,,#NAME?,#NAME?,#NAME?,#NAME?,#NAME?,#NAME?,,,
,,,,#NAME?,#NAME?,#NAME?,#NAME?,#NAME?,#NAME?,,,
,,,,#NAME?,#NAME?,#NAME?,#NAME?,#NAME?,#NAME?,,,
,,,,#NAME?,#NAME?,#NAME?,#NAME?,#NAME?,#NAME?,,,
,,,,#NAME?,#NAME?,#NAME?,#NAME?,#NAME?,#NAME?,,,
,,,,#NAME?,#NAME?,#NAME?,#NAME?,#NAME?,#NAME?,,,
,,,,#NAME?,#NAME?,#NAME?,#NAME?,#NAME?,#NAME?,,,
,,,,#NAME?,#NAME?,#NAME?,#NAME?,#NAME?,#NAME?,,,
,,,,#NAME?,#NAME?,#NAME?,#NAME?,#NAME?,#NAME?,,,
,,,,#NAME?,#NAME?,#NAME?,#NAME?,#NAME?,#NAME?,,,
,,,,#NAME?,#NAME?,#NAME?,#NAME?,#NAME?,#NAME?,,,
,,,,#NAME?,#NAME?,#NAME?,#NAME?,#NAME?,#NAME?,,,
,,,,#NAME?,#NAME?,#NAME?,#NAME?,#NAME?,#NAME?,,,
,,,,#NAME?,#NAME?,#NAME?,#NAME?,#NAME?,#NAME?,,,
,,,,#NAME?,#NAME?,#NAME?,#NAME?,#NAME?,#NAME?,,,
,,,,#NAME?,#NAME?,#NAME?,#NAME?,#NAME?,#NAME?,,,
,,,,#NAME?,#NAME?,#NAME?,#NAME?,#NAME?,#NAME?,,,
,,,,#NAME?,#NAME?,#NAME?,#NAME?,#NAME?,#NAME?,,,
,,,,#NAME?,#NAME?,#NAME?,#NAME?,#NAME?,#NAME?,,,
,,,,#NAME?,#NAME?,#NAME?,#NAME?,#NAME?,#NAME?,,,
,,,,#NAME?,#NAME?,#NAME?,#NAME?,#NAME?,#NAME?,,,
,,,,#NAME?,#NAME?,#NAME?,#NAME?,#NAME?,#NAME?,,,
,,,,#NAME?,#NAME?,#NAME?,#NAME?,#NAME?,#NAME?,,,
,,,,#NAME?,#NAME?,#NAME?,#NAME?,#NAME?,#NAME?,,,
,,,,#NAME?,#NAME?,#NAME?,#NAME?,#NAME?,#NAME?,,,
,,,,#NAME?,#NAME?,#NAME?,#NAME?,#NAME?,#NAME?,,,
,,,,#NAME?,#NAME?,#NAME?,#NAME?,#NAME?,#NAME?,,,
,,,,#NAME?,#NAME?,#NAME?,#NAME?,#NAME?,#NAME?,,,
,,,,#NAME?,#NAME?,#NAME?,#NAME?,#NAME?,#NAME?,,,
,,,,#NAME?,#NAME?,#NAME?,#NAME?,#NAME?,#NAME?,,,
,,,,#NAME?,#NAME?,#NAME?,#NAME?,#NAME?,#NAME?,,,
,,,,#NAME?,#NAME?,#NAME?,#NAME?,#NAME?,#NAME?,,,
,,,,#NAME?,#NAME?,#NAME?,#NAME?,#NAME?,#NAME?,,,
,,,,#NAME?,#NAME?,#NAME?,#NAME?,#NAME?,#NAME?,,,
,,,,#NAME?,#NAME?,#NAME?,#NAME?,#NAME?,#NAME?,,,
,,,,#NAME?,#NAME?,#NAME?,#NAME?,#NAME?,#NAME?,,,
,,,,#NAME?,#NAME?,#NAME?,#NAME?,#NAME?,#NAME?,,,
,,,,#NAME?,#NAME?,#NAME?,#NAME?,#NAME?,#NAME?,,,
,,,,#NAME?,#NAME?,#NAME?,#NAME?,#NAME?,#NAME?,,,
,,,,#NAME?,#NAME?,#NAME?,#NAME?,#NAME?,#NAME?,,,
,,,,#NAME?,#NAME?,#NAME?,#NAME?,#NAME?,#NAME?,,,
,,,,#NAME?,#NAME?,#NAME?,#NAME?,#NAME?,#NAME?,,,
,,,,#NAME?,#NAME?,#NAME?,#NAME?,#NAME?,#NAME?,,,
,,,,#NAME?,#NAME?,#NAME?,#NAME?,#NAME?,#NAME?,,,
,,,,#NAME?,#NAME?,#NAME?,#NAME?,#NAME?,#NAME?,,,
,,,,#NAME?,#NAME?,#NAME?,#NAME?,#NAME?,#NAME?,,,
,,,,#NAME?,#NAME?,#NAME?,#NAME?,#NAME?,#NAME?,,,
,,,,#NAME?,#NAME?,#NAME?,#NAME?,#NAME?,#NAME?,,,
,,,,#NAME?,#NAME?,#NAME?,#NAME?,#NAME?,#NAME?,,,
,,,,#NAME?,#NAME?,#NAME?,#NAME?,#NAME?,#NAME?,,,
,,,,#NAME?,#NAME?,#NAME?,#NAME?,#NAME?,#NAME?,,,
,,,,#NAME?,#NAME?,#NAME?,#NAME?,#NAME?,#NAME?,,,
,,,,#NAME?,#NAME?,#NAME?,#NAME?,#NAME?,#NAME?,,,
,,,,#NAME?,#NAME?,#NAME?,#NAME?,#NAME?,#NAME?,,,
,,,,#NAME?,#NAME?,#NAME?,#NAME?,#NAME?,#NAME?,,,
,,,,#NAME?,#NAME?,#NAME?,#NAME?,#NAME?,#NAME?,,,
,,,,#NAME?,#NAME?,#NAME?,#NAME?,#NAME?,#NAME?,,,
,,,,#NAME?,#NAME?,#NAME?,#NAME?,#NAME?,#NAME?,,,
,,,,#NAME?,#NAME?,#NAME?,#NAME?,#NAME?,#NAME?,,,
,,,,#NAME?,#NAME?,#NAME?,#NAME?,#NAME?,#NAME?,,,
,,,,#NAME?,#NAME?,#NAME?,#NAME?,#NAME?,#NAME?,,,
,,,,#NAME?,#NAME?,#NAME?,#NAME?,#NAME?,#NAME?,,,
,,,,#NAME?,#NAME?,#NAME?,#NAME?,#NAME?,#NAME?,,,
,,,,#NAME?,#NAME?,#NAME?,#NAME?,#NAME?,#NAME?,,,
,,,,#NAME?,#NAME?,#NAME?,#NAME?,#NAME?,#NAME?,,,
,,,,#NAME?,#NAME?,#NAME?,#NAME?,#NAME?,#NAME?,,,
,,,,#NAME?,#NAME?,#NAME?,#NAME?,#NAME?,#NAME?,,,
,,,,#NAME?,#NAME?,#NAME?,#NAME?,#NAME?,#NAME?,,,
,,,,#NAME?,#NAME?,#NAME?,#NAME?,#NAME?,#NAME?,,,
,,,,#NAME?,#NAME?,#NAME?,#NAME?,#NAME?,#NAME?,,,
,,,,#NAME?,#NAME?,#NAME?,#NAME?,#NAME?,#NAME?,,,
,,,,#NAME?,#NAME?,#NAME?,#NAME?,#NAME?,#NAME?,,,
,,,,#NAME?,#NAME?,#NAME?,#NAME?,#NAME?,#NAME?,,,
,,,,#NAME?,#NAME?,#NAME?,#NAME?,#NAME?,#NAME?,,,
,,,,#NAME?,#NAME?,#NAME?,#NAME?,#NAME?,#NAME?,,,
,,,,#NAME?,#NAME?,#NAME?,#NAME?,#NAME?,#NAME?,,,
,,,,#NAME?,#NAME?,#NAME?,#NAME?,#NAME?,#NAME?,,,
,,,,#NAME?,#NAME?,#NAME?,#NAME?,#NAME?,#NAME?,,,
,,,,#NAME?,#NAME?,#NAME?,#NAME?,#NAME?,#NAME?,,,
,,,,#NAME?,#NAME?,#NAME?,#NAME?,#NAME?,#NAME?,,,
,,,,#NAME?,#NAME?,#NAME?,#NAME?,#NAME?,#NAME?,,,
,,,,#NAME?,#NAME?,#NAME?,#NAME?,#NAME?,#NAME?,,,
,,,,#NAME?,#NAME?,#NAME?,#NAME?,#NAME?,#NAME?,,,
,,,,#NAME?,#NAME?,#NAME?,#NAME?,#NAME?,#NAME?,,,
,,,,#NAME?,#NAME?,#NAME?,#NAME?,#NAME?,#NAME?,,,
,,,,#NAME?,#NAME?,#NAME?,#NAME?,#NAME?,#NAME?,,,
,,,,#NAME?,#NAME?,#NAME?,#NAME?,#NAME?,#NAME?,,,
,,,,#NAME?,#NAME?,#NAME?,#NAME?,#NAME?,#NAME?,,,
,,,,#NAME?,#NAME?,#NAME?,#NAME?,#NAME?,#NAME?,,,
,,,,#NAME?,#NAME?,#NAME?,#NAME?,#NAME?,#NAME?,,,
,,,,#NAME?,#NAME?,#NAME?,#NAME?,#NAME?,#NAME?,,,
,,,,#NAME?,#NAME?,#NAME?,#NAME?,#NAME?,#NAME?,,,
,,,,#NAME?,#NAME?,#NAME?,#NAME?,#NAME?,#NAME?,,,
,,,,#NAME?,#NAME?,#NAME?,#NAME?,#NAME?,#NAME?,,,
,,,,#NAME?,#NAME?,#NAME?,#NAME?,#NAME?,#NAME?,,,
,,,,#NAME?,#NAME?,#NAME?,#NAME?,#NAME?,#NAME?,,,
,,,,#NAME?,#NAME?,#NAME?,#NAME?,#NAME?,#NAME?,,,
,,,,#NAME?,#NAME?,#NAME?,#NAME?,#NAME?,#NAME?,,,
,,,,#NAME?,#NAME?,#NAME?,#NAME?,#NAME?,#NAME?,,,
,,,,#NAME?,#NAME?,#NAME?,#NAME?,#NAME?,#NAME?,,,
,,,,#NAME?,#NAME?,#NAME?,#NAME?,#NAME?,#NAME?,,,
,,,,#NAME?,#NAME?,#NAME?,#NAME?,#NAME?,#NAME?,,,
,,,,#NAME?,#NAME?,#NAME?,#NAME?,#NAME?,#NAME?,,,
,,,,#NAME?,#NAME?,#NAME?,#NAME?,#NAME?,#NAME?,,,
,,,,#NAME?,#NAME?,#NAME?,#NAME?,#NAME?,#NAME?,,,
,,,,#NAME?,#NAME?,#NAME?,#NAME?,#NAME?,#NAME?,,,
,,,,#NAME?,#NAME?,#NAME?,#NAME?,#NAME?,#NAME?,,,
,,,,#NAME?,#NAME?,#NAME?,#NAME?,#NAME?,#NAME?,,,
,,,,#NAME?,#NAME?,#NAME?,#NAME?,#NAME?,#NAME?,,,
,,,,#NAME?,#NAME?,#NAME?,#NAME?,#NAME?,#NAME?,,,
,,,,#NAME?,#NAME?,#NAME?,#NAME?,#NAME?,#NAME?,,,
,,,,#NAME?,#NAME?,#NAME?,#NAME?,#NAME?,#NAME?,,,
,,,,#NAME?,#NAME?,#NAME?,#NAME?,#NAME?,#NAME?,,,
,,,,#NAME?,#NAME?,#NAME?,#NAME?,#NAME?,#NAME?,,,
,,,,#NAME?,#NAME?,#NAME?,#NAME?,#NAME?,#NAME?,,,
,,,,#NAME?,#NAME?,#NAME?,#NAME?,#NAME?,#NAME?,,,
,,,,#NAME?,#NAME?,#NAME?,#NAME?,#NAME?,#NAME?,,,
,,,,#NAME?,#NAME?,#NAME?,#NAME?,#NAME?,#NAME?,,,
,,,,#NAME?,#NAME?,#NAME?,#NAME?,#NAME?,#NAME?,,,
,,,,#NAME?,#NAME?,#NAME?,#NAME?,#NAME?,#NAME?,,,
,,,,#NAME?,#NAME?,#NAME?,#NAME?,#NAME?,#NAME?,,,
,,,,#NAME?,#NAME?,#NAME?,#NAME?,#NAME?,#NAME?,,,
,,,,#NAME?,#NAME?,#NAME?,#NAME?,#NAME?,#NAME?,,,
,,,,#NAME?,#NAME?,#NAME?,#NAME?,#NAME?,#NAME?,,,
,,,,#NAME?,#NAME?,#NAME?,#NAME?,#NAME?,#NAME?,,,
,,,,#NAME?,#NAME?,#NAME?,#NAME?,#NAME?,#NAME?,,,
,,,,#NAME?,#NAME?,#NAME?,#NAME?,#NAME?,#NAME?,,,
,,,,#NAME?,#NAME?,#NAME?,#NAME?,#NAME?,#NAME?,,,
,,,,#NAME?,#NAME?,#NAME?,#NAME?,#NAME?,#NAME?,,,
,,,,#NAME?,#NAME?,#NAME?,#NAME?,#NAME?,#NAME?,,,
,,,,#NAME?,#NAME?,#NAME?,#NAME?,#NAME?,#NAME?,,,
,,,,#NAME?,#NAME?,#NAME?,#NAME?,#NAME?,#NAME?,,,
,,,,#NAME?,#NAME?,#NAME?,#NAME?,#NAME?,#NAME?,,,
,,,,#NAME?,#NAME?,#NAME?,#NAME?,#NAME?,#NAME?,,,
,,,,#NAME?,#NAME?,#NAME?,#NAME?,#NAME?,#NAME?,,,
,,,,#NAME?,#NAME?,#NAME?,#NAME?,#NAME?,#NAME?,,,
,,,,#NAME?,#NAME?,#NAME?,#NAME?,#NAME?,#NAME?,,,
,,,,#NAME?,#NAME?,#NAME?,#NAME?,#NAME?,#NAME?,,,
,,,,#NAME?,#NAME?,#NAME?,#NAME?,#NAME?,#NAME?,,,
,,,,#NAME?,#NAME?,#NAME?,#NAME?,#NAME?,#NAME?,,,
,,,,#NAME?,#NAME?,#NAME?,#NAME?,#NAME?,#NAME?,,,
,,,,#NAME?,#NAME?,#NAME?,#NAME?,#NAME?,#NAME?,,,
,,,,#NAME?,#NAME?,#NAME?,#NAME?,#NAME?,#NAME?,,,
,,,,#NAME?,#NAME?,#NAME?,#NAME?,#NAME?,#NAME?,,,
,,,,#NAME?,#NAME?,#NAME?,#NAME?,#NAME?,#NAME?,,,
,,,,#NAME?,#NAME?,#NAME?,#NAME?,#NAME?,#NAME?,,,
,,,,#NAME?,#NAME?,#NAME?,#NAME?,#NAME?,#NAME?,,,
,,,,#NAME?,#NAME?,#NAME?,#NAME?,#NAME?,#NAME?,,,
,,,,#NAME?,#NAME?,#NAME?,#NAME?,#NAME?,#NAME?,,,
,,,,#NAME?,#NAME?,#NAME?,#NAME?,#NAME?,#NAME?,,,
,,,,#NAME?,#NAME?,#NAME?,#NAME?,#NAME?,#NAME?,,,
,,,,#NAME?,#NAME?,#NAME?,#NAME?,#NAME?,#NAME?,,,
,,,,#NAME?,#NAME?,#NAME?,#NAME?,#NAME?,#NAME?,,,
,,,,#NAME?,#NAME?,#NAME?,#NAME?,#NAME?,#NAME?,,,
,,,,#NAME?,#NAME?,#NAME?,#NAME?,#NAME?,#NAME?,,,
,,,,#NAME?,#NAME?,#NAME?,#NAME?,#NAME?,#NAME?,,,
,,,,#NAME?,#NAME?,#NAME?,#NAME?,#NAME?,#NAME?,,,
,,,,#NAME?,#NAME?,#NAME?,#NAME?,#NAME?,#NAME?,,,
,,,,#NAME?,#NAME?,#NAME?,#NAME?,#NAME?,#NAME?,,,
,,,,#NAME?,#NAME?,#NAME?,#NAME?,#NAME?,#NAME?,,,
,,,,#NAME?,#NAME?,#NAME?,#NAME?,#NAME?,#NAME?,,,
,,,,#NAME?,#NAME?,#NAME?,#NAME?,#NAME?,#NAME?,,,
,,,,#NAME?,#NAME?,#NAME?,#NAME?,#NAME?,#NAME?,,,
,,,,#NAME?,#NAME?,#NAME?,#NAME?,#NAME?,#NAME?,,,
,,,,#NAME?,#NAME?,#NAME?,#NAME?,#NAME?,#NAME?,,,
,,,,#NAME?,#NAME?,#NAME?,#NAME?,#NAME?,#NAME?,,,
,,,,#NAME?,#NAME?,#NAME?,#NAME?,#NAME?,#NAME?,,,
,,,,#NAME?,#NAME?,#NAME?,#NAME?,#NAME?,#NAME?,,,
,,,,#NAME?,#NAME?,#NAME?,#NAME?,#NAME?,#NAME?,,,
,,,,#NAME?,#NAME?,#NAME?,#NAME?,#NAME?,#NAME?,,,
,,,,#NAME?,#NAME?,#NAME?,#NAME?,#NAME?,#NAME?,,,
,,,,#NAME?,#NAME?,#NAME?,#NAME?,#NAME?,#NAME?,,,
,,,,#NAME?,#NAME?,#NAME?,#NAME?,#NAME?,#NAME?,,,
,,,,#NAME?,#NAME?,#NAME?,#NAME?,#NAME?,#NAME?,,,
,,,,#NAME?,#NAME?,#NAME?,#NAME?,#NAME?,#NAME?,,,
,,,,#NAME?,#NAME?,#NAME?,#NAME?,#NAME?,#NAME?,,,
,,,,#NAME?,#NAME?,#NAME?,#NAME?,#NAME?,#NAME?,,,
,,,,#NAME?,#NAME?,#NAME?,#NAME?,#NAME?,#NAME?,,,
,,,,#NAME?,#NAME?,#NAME?,#NAME?,#NAME?,#NAME?,,,
,,,,#NAME?,#NAME?,#NAME?,#NAME?,#NAME?,#NAME?,,,
,,,,#NAME?,#NAME?,#NAME?,#NAME?,#NAME?,#NAME?,,,
,,,,#NAME?,#NAME?,#NAME?,#NAME?,#NAME?,#NAME?,,,
,,,,#NAME?,#NAME?,#NAME?,#NAME?,#NAME?,#NAME?,,,
,,,,#NAME?,#NAME?,#NAME?,#NAME?,#NAME?,#NAME?,,,
,,,,#NAME?,#NAME?,#NAME?,#NAME?,#NAME?,#NAME?,,,
,,,,#NAME?,#NAME?,#NAME?,#NAME?,#NAME?,#NAME?,,,
,,,,#NAME?,#NAME?,#NAME?,#NAME?,#NAME?,#NAME?,,,
,,,,#NAME?,#NAME?,#NAME?,#NAME?,#NAME?,#NAME?,,,
,,,,#NAME?,#NAME?,#NAME?,#NAME?,#NAME?,#NAME?,,,
,,,,#NAME?,#NAME?,#NAME?,#NAME?,#NAME?,#NAME?,,,
,,,,#NAME?,#NAME?,#NAME?,#NAME?,#NAME?,#NAME?,,,
,,,,#NAME?,#NAME?,#NAME?,#NAME?,#NAME?,#NAME?,,,
,,,,#NAME?,#NAME?,#NAME?,#NAME?,#NAME?,#NAME?,,,
,,,,#NAME?,#NAME?,#NAME?,#NAME?,#NAME?,#NAME?,,,
,,,,#NAME?,#NAME?,#NAME?,#NAME?,#NAME?,#NAME?,,,
,,,,#NAME?,#NAME?,#NAME?,#NAME?,#NAME?,#NAME?,,,
,,,,#NAME?,#NAME?,#NAME?,#NAME?,#NAME?,#NAME?,,,
,,,,#NAME?,#NAME?,#NAME?,#NAME?,#NAME?,#NAME?,,,
,,,,#NAME?,#NAME?,#NAME?,#NAME?,#NAME?,#NAME?,,,
,,,,#NAME?,#NAME?,#NAME?,#NAME?,#NAME?,#NAME?,,,
,,,,#NAME?,#NAME?,#NAME?,#NAME?,#NAME?,#NAME?,,,
,,,,#NAME?,#NAME?,#NAME?,#NAME?,#NAME?,#NAME?,,,
,,,,#NAME?,#NAME?,#NAME?,#NAME?,#NAME?,#NAME?,,,
,,,,#NAME?,#NAME?,#NAME?,#NAME?,#NAME?,#NAME?,,,
,,,,#NAME?,#NAME?,#NAME?,#NAME?,#NAME?,#NAME?,,,
,,,,#NAME?,#NAME?,#NAME?,#NAME?,#NAME?,#NAME?,,,
,,,,#NAME?,#NAME?,#NAME?,#NAME?,#NAME?,#NAME?,,,
,,,,#NAME?,#NAME?,#NAME?,#NAME?,#NAME?,#NAME?,,,
,,,,#NAME?,#NAME?,#NAME?,#NAME?,#NAME?,#NAME?,,,
,,,,#NAME?,#NAME?,#NAME?,#NAME?,#NAME?,#NAME?,,,
,,,,#NAME?,#NAME?,#NAME?,#NAME?,#NAME?,#NAME?,,,
,,,,#NAME?,#NAME?,#NAME?,#NAME?,#NAME?,#NAME?,,,
,,,,#NAME?,#NAME?,#NAME?,#NAME?,#NAME?,#NAME?,,,
,,,,#NAME?,#NAME?,#NAME?,#NAME?,#NAME?,#NAME?,,,
,,,,#NAME?,#NAME?,#NAME?,#NAME?,#NAME?,#NAME?,,,
,,,,#NAME?,#NAME?,#NAME?,#NAME?,#NAME?,#NAME?,,,
,,,,#NAME?,#NAME?,#NAME?,#NAME?,#NAME?,#NAME?,,,
,,,,#NAME?,#NAME?,#NAME?,#NAME?,#NAME?,#NAME?,,,
,,,,#NAME?,#NAME?,#NAME?,#NAME?,#NAME?,#NAME?,,,
,,,,#NAME?,#NAME?,#NAME?,#NAME?,#NAME?,#NAME?,,,
,,,,#NAME?,#NAME?,#NAME?,#NAME?,#NAME?,#NAME?,,,
,,,,#NAME?,#NAME?,#NAME?,#NAME?,#NAME?,#NAME?,,,
,,,,#NAME?,#NAME?,#NAME?,#NAME?,#NAME?,#NAME?,,,
,,,,#NAME?,#NAME?,#NAME?,#NAME?,#NAME?,#NAME?,,,
,,,,#NAME?,#NAME?,#NAME?,#NAME?,#NAME?,#NAME?,,,
,,,,#NAME?,#NAME?,#NAME?,#NAME?,#NAME?,#NAME?,,,
,,,,#NAME?,#NAME?,#NAME?,#NAME?,#NAME?,#NAME?,,,
,,,,#NAME?,#NAME?,#NAME?,#NAME?,#NAME?,#NAME?,,,
,,,,#NAME?,#NAME?,#NAME?,#NAME?,#NAME?,#NAME?,,,
,,,,#NAME?,#NAME?,#NAME?,#NAME?,#NAME?,#NAME?,,,
,,,,#NAME?,#NAME?,#NAME?,#NAME?,#NAME?,#NAME?,,,
,,,,#NAME?,#NAME?,#NAME?,#NAME?,#NAME?,#NAME?,,,
,,,,#NAME?,#NAME?,#NAME?,#NAME?,#NAME?,#NAME?,,,
,,,,#NAME?,#NAME?,#NAME?,#NAME?,#NAME?,#NAME?,,,
,,,,#NAME?,#NAME?,#NAME?,#NAME?,#NAME?,#NAME?,,,
,,,,#NAME?,#NAME?,#NAME?,#NAME?,#NAME?,#NAME?,,,
,,,,#NAME?,#NAME?,#NAME?,#NAME?,#NAME?,#NAME?,,,
,,,,#NAME?,#NAME?,#NAME?,#NAME?,#NAME?,#NAME?,,,
,,,,#NAME?,#NAME?,#NAME?,#NAME?,#NAME?,#NAME?,,,
,,,,#NAME?,#NAME?,#NAME?,#NAME?,#NAME?,#NAME?,,,
,,,,#NAME?,#NAME?,#NAME?,#NAME?,#NAME?,#NAME?,,,
,,,,#NAME?,#NAME?,#NAME?,#NAME?,#NAME?,#NAME?,,,
,,,,#NAME?,#NAME?,#NAME?,#NAME?,#NAME?,#NAME?,,,
,,,,#NAME?,#NAME?,#NAME?,#NAME?,#NAME?,#NAME?,,,
,,,,#NAME?,#NAME?,#NAME?,#NAME?,#NAME?,#NAME?,,,
,,,,#NAME?,#NAME?,#NAME?,#NAME?,#NAME?,#NAME?,,,
,,,,#NAME?,#NAME?,#NAME?,#NAME?,#NAME?,#NAME?,,,
,,,,#NAME?,#NAME?,#NAME?,#NAME?,#NAME?,#NAME?,,,
,,,,#NAME?,#NAME?,#NAME?,#NAME?,#NAME?,#NAME?,,,
,,,,#NAME?,#NAME?,#NAME?,#NAME?,#NAME?,#NAME?,,,
,,,,#NAME?,#NAME?,#NAME?,#NAME?,#NAME?,#NAME?,,,
,,,,#NAME?,#NAME?,#NAME?,#NAME?,#NAME?,#NAME?,,,
,,,,#NAME?,#NAME?,#NAME?,#NAME?,#NAME?,#NAME?,,,
,,,,#NAME?,#NAME?,#NAME?,#NAME?,#NAME?,#NAME?,,,
,,,,#NAME?,#NAME?,#NAME?,#NAME?,#NAME?,#NAME?,,,
,,,,#NAME?,#NAME?,#NAME?,#NAME?,#NAME?,#NAME?,,,
,,,,#NAME?,#NAME?,#NAME?,#NAME?,#NAME?,#NAME?,,,
,,,,#NAME?,#NAME?,#NAME?,#NAME?,#NAME?,#NAME?,,,
,,,,#NAME?,#NAME?,#NAME?,#NAME?,#NAME?,#NAME?,,,
,,,,#NAME?,#NAME?,#NAME?,#NAME?,#NAME?,#NAME?,,,
,,,,#NAME?,#NAME?,#NAME?,#NAME?,#NAME?,#NAME?,,,
,,,,#NAME?,#NAME?,#NAME?,#NAME?,#NAME?,#NAME?,,,
,,,,#NAME?,#NAME?,#NAME?,#NAME?,#NAME?,#NAME?,,,
,,,,#NAME?,#NAME?,#NAME?,#NAME?,#NAME?,#NAME?,,,
,,,,#NAME?,#NAME?,#NAME?,#NAME?,#NAME?,#NAME?,,,
,,,,#NAME?,#NAME?,#NAME?,#NAME?,#NAME?,#NAME?,,,
,,,,#NAME?,#NAME?,#NAME?,#NAME?,#NAME?,#NAME?,,,
,,,,#NAME?,#NAME?,#NAME?,#NAME?,#NAME?,#NAME?,,,
,,,,#NAME?,#NAME?,#NAME?,#NAME?,#NAME?,#NAME?,,,
,,,,#NAME?,#NAME?,#NAME?,#NAME?,#NAME?,#NAME?,,,
,,,,#NAME?,#NAME?,#NAME?,#NAME?,#NAME?,#NAME?,,,
,,,,#NAME?,#NAME?,#NAME?,#NAME?,#NAME?,#NAME?,,,
,,,,#NAME?,#NAME?,#NAME?,#NAME?,#NAME?,#NAME?,,,
,,,,#NAME?,#NAME?,#NAME?,#NAME?,#NAME?,#NAME?,,,
,,,,#NAME?,#NAME?,#NAME?,#NAME?,#NAME?,#NAME?,,,
,,,,#NAME?,#NAME?,#NAME?,#NAME?,#NAME?,#NAME?,,,
,,,,#NAME?,#NAME?,#NAME?,#NAME?,#NAME?,#NAME?,,,
,,,,#NAME?,#NAME?,#NAME?,#NAME?,#NAME?,#NAME?,,,
,,,,#NAME?,#NAME?,#NAME?,#NAME?,#NAME?,#NAME?,,,
,,,,#NAME?,#NAME?,#NAME?,#NAME?,#NAME?,#NAME?,,,
,,,,#NAME?,#NAME?,#NAME?,#NAME?,#NAME?,#NAME?,,,
,,,,#NAME?,#NAME?,#NAME?,#NAME?,#NAME?,#NAME?,,,
,,,,#NAME?,#NAME?,#NAME?,#NAME?,#NAME?,#NAME?,,,
,,,,#NAME?,#NAME?,#NAME?,#NAME?,#NAME?,#NAME?,,,
,,,,#NAME?,#NAME?,#NAME?,#NAME?,#NAME?,#NAME?,,,
,,,,#NAME?,#NAME?,#NAME?,#NAME?,#NAME?,#NAME?,,,
,,,,#NAME?,#NAME?,#NAME?,#NAME?,#NAME?,#NAME?,,,
,,,,#NAME?,#NAME?,#NAME?,#NAME?,#NAME?,#NAME?,,,
,,,,#NAME?,#NAME?,#NAME?,#NAME?,#NAME?,#NAME?,,,
